4772 6106
577 432 748 509 SECTIO
771 427 966 505 resuta
1012 428 1360 505 SPHACELARIA.
1473 458 1474 469 ¹
1632 446 1706 521 107

214 638 345 710 DEsc.
398 640 503 707 Radix
527 640 665 732 pusilla,
702 638 990 732 Thalassiopbytis
1014 640 1194 726 majoribus
1218 638 1426 725 agglutinata.
1472 642 1579 708 Frons
1602 640 1757 725 solitaria,

305 745 372 812 seui
385 746 525 838 porcius
542 746 682 823 tenuior,
703 743 860 836 pollicem
875 747 1006 812 circiter
1023 745 1133 828 longa,
1150 747 1253 811 abasi
1268 769 1371 835 nsqve
1386 747 1616 813 ramosissima.
1662 749 1756 817 Rami

304 846 432 930 diffusi,
458 849 523 915 huc
544 848 622 915 illuc
648 849 872 934 divergantes,
895 853 1039 930 curvati,
1063 848 1188 942 patuli,
1213 848 1333 915 ramuli
1353 853 1495 934 gemini,
1521 876 1597 917 raro
1625 851 1757 942 simpli-

187 1002 196 1015 .
304 979 356 1020 ees
372 954 426 1025 vel
441 956 545 1028 terni,
570 956 707 1021 omnino
728 953 970 1036 horizontales,
991 953 1160 1019 interdum
1179 954 1313 1035 reflexi,
1337 954 1487 1037 indivisi,
1511 958 1648 1036 breves,
1675 981 1764 1023 acu<

300 1059 427 1125 minati.
475 1060 595 1150 Apices
613 1060 732 1125 summi
748 1056 937 1149 spbacclati.
985 1062 1126 1126 Fructus
1139 1058 1273 1125 Semina
1287 1058 1376 1129 nuda
1392 1059 1483 1126 fusca
1499 1062 1534 1126 in
1549 1062 1683 1129 summis
1699 1085 1779 1147 ray

300 1161 470 1229 mulorum
485 1165 632 1256 apicibus
647 1161 842 1256 spbacelatis
868 1162 1062 1228 nidulantia.
1110 1166 1197 1229 Tota
1219 1161 1291 1246 alga
1314 1163 1505 1247 articulata;
1530 1166 1661 1234 articuli
1682 1163 1757 1231 dia-

300 1266 618 1351 metri'longitudine
632 1267 686 1337 vel
701 1265 803 1359 paulo
815 1267 1005 1347 breviores,
1030 1266 1118 1332 striis
1134 1267 1290 1333 brevibus
1304 1266 1596 1353 longitudinalibus
1626 1270 1757 1336 densis-

300 1374 381 1440 sime
397 1374 595 1464 compactis,
621 1373 754 1440 fasciam
770 1369 1019 1438 transversalem
1038 1370 1163 1436 fuscam
1176 1370 1406 1451 referentibus,
1430 1376 1547 1440 notati.
1595 1373 1757 1442 Genicnla

299 1479 498 1544 tenuissima.
545 1478 649 1546 Color
663 1475 956 1557 fusco-olivaceus,
983 1477 1150 1542 exsiccatae
1163 1475 1340 1559 nigricans.
1383 1476 1572 1544 Substantia
1586 1478 1756 1564 cartilagi-

299 1607 379 1666 nea,
397 1582 622 1668 rigidinscnla.
668 1585 800 1651 Annua.
847 1580 980 1647 Aestate
993 1598 1026 1648 et
1040 1579 1170 1669 hyeme.
1218 1579 1348 1646 Chartae
1363 1605 1433 1646 non
1448 1580 1605 1649 adbaeret.

218 1698 310 1768 OBS.
361 1699 531 1767 Pulchella
552 1700 625 1766 baec
647 1700 791 1791 species,
815 1697 1038 1787 microscopio
1058 1696 1221 1780 subjecta,
1242 1695 1406 1765 Pramum
1430 1700 1601 1787 spinosam
1618 1700 1755 1768 omnino

305 1805 417 1872 refert.
441 1840 483 1857 -
503 1806 619 1871 Fascia
633 1803 734 1881 fusca,
757 1825 831 1891 qvae
846 1796 911 1867 'sub
924 1799 1014 1867 lente
1027 1824 1148 1892 parum
1163 1817 1301 1883 augente
1315 1800 1505 1884 geniculum
1517 1828 1757 1895 nonnunquam

302 1911 459 1977 mentiens
474 1905 619 1993 singulos
633 1906 731 1992 hujus
747 1906 887 1997 speciei,
913 1904 1117 1997 aliarumque
1138 1903 1181 1970 ad
1197 1904 1263 1971 boc
1279 1928 1379 1989 genus
1394 1910 1647 1999 pertinentium,
1672 1909 1757 1972 arti-

303 2015 395 2083 culos
408 2014 526 2092 ambit,
551 2015 579 2079 si
594 2011 675 2079 lenti
688 2012 828 2081 maxime
846 2012 979 2095 augenti
994 2010 1186 2095 subjicitur,
1211 2033 1229 2073 e
1245 2010 1333 2072 striis
1346 2007 1423 2097 plns
1445 2012 1554 2076 minus
1581 2010 1751 2093 elongatis,

302 2118 470 2187 interdum
485 2120 520 2183 in
535 2142 638 2183 unum
652 2115 888 2207 corpusculum
904 2111 1053 2193 coalitis,
1076 2127 1230 2177 constare
1257 2111 1415 2174 cernitur.
1465 2113 1559 2177 Striae
1583 2115 1653 2179 istae
1679 2112 1758 2181 lon-

304 2222 498 2311 gitudinales
522 2224 594 2289 sine
618 2221 722 2288 dubio
741 2220 790 2286 nil
820 2216 913 2285 aliud
936 2233 1035 2298 sunt,
1060 2238 1160 2308 qvam
1180 2213 1307 2279 semina
1331 2211 1482 2281 nondum
1502 2236 1647 2299 matura,
1673 2242 1757 2310 qve,

305 2353 380 2396 cum
394 2329 516 2394 semina
533 2329 675 2419 inspice
692 2323 877 2391 nidulantia
890 2322 1169 2421 admatnritntcm
1181 2320 1406 2411 pervenerint,
1429 2337 1462 2386 et
1477 2344 1539 2412 per
1552 2326 1678 2414 apicem
1690 2323 1755 2401 de·
1874 2408 1878 2415 ι

302 2434 486 2501 biscentem
500 2431 619 2523 elapsa
640 2432 782 2513 inerint,
804 2432 840 2497 in
856 2455 973 2498 eorum
986 2427 1099 2495 locum
1112 2425 1272 2521 paulatim
1286 2423 1487 2505 succedunt,
1509 2443 1558 2508 st,
1579 2430 1664 2518 ipsis
1680 2453 1753 2493 ma-

302 2541 404 2622 turis,
430 2541 550 2604 iterum
564 2539 749 2628 iterumque
772 2535 813 2599 ab
833 2535 907 2600 aliis
927 2533 1042 2597 eadem
1054 2532 1184 2596 ratione
1196 2531 1413 2622 excipiuntur.
1456 2532 1571 2622 Neque
1589 2532 1660 2599 baec
1677 2535 1755 2624 opi-

302 2647 378 2727 nio,
414 2640 690 2735 quampluribus
712 2638 1004 2703 observationibus
1030 2636 1147 2702 sultam
1168 2638 1204 2701 in
1226 2634 1372 2701 medinm
1394 2633 1553 2729 profero,
1584 2640 1756 2704 temeraria

305 2750 398 2817 facile
415 2743 634 2838 appellanda,
660 2766 767 2833 neqve
789 2742 833 2808 ob
857 2737 1029 2832 capsulas,
1053 2743 1089 2806 in
1110 2739 1282 2807 nonnullis
1302 2742 1402 2826 hujus
1427 2740 1557 2825 generis
1581 2741 1756 2833 speciebus

303 2855 517 2929 observatas,
556 2850 692 2915 omnino
720 2843 911 2930 rejicienda.
967 2845 1008 2910 Iu
1030 2846 1257 2934 Spbacelnria
1273 2859 1427 2938 pennata
1456 2845 1610 2938 capsulas
1636 2846 1758 2912 deterit

302 2959 473 3026 Borrerus
490 2953 565 3043 (cir.
581 2952 692 3021 Dillw.
707 2948 837 3017 Introd.
855 2974 892 3042 p.
907 2948 994 3033 82),
1018 2950 1223 3040 Agardltius
1239 2954 1319 3019 item
1335 2972 1368 3022 et
1382 2976 1442 3040 ego
1451 2979 1462 3037 3
1484 2955 1519 3018 in
1534 2952 1758 3043 Spltctcelarie

302 3066 485 3133 reticulata
497 3084 628 3154 qvoqve
645 3056 784 3138 adsunt;
806 3054 872 3122 illae
887 3077 968 3123 vero
981 3053 1127 3146 capsula
1142 3082 1213 3125 non
1233 3060 1437 3152 impediunt,
1458 3083 1523 3151 qvo
1545 3059 1658 3124 minus
1682 3055 1758 3145 opi-

302 3172 377 3251 nio,
403 3194 500 3261 qvam
513 3165 659 3260 protuli,
680 3163 859 3254 persistat,
884 3159 1012 3227 fructus
1027 3163 1116 3226 enim
1130 3162 1275 3255 duplex,
1298 3168 1357 3258 qvi
1372 3166 1409 3234 in
1425 3165 1539 3232 moins
1556 3159 1756 3232 Thalassio

303 3276 418 3368 physis
430 3277 576 3356 obtinet,
601 3272 699 3337 etiam
713 3270 749 3335 in
765 3267 830 3336 hoc
843 3289 963 3352 genere
977 3267 1105 3333 assumi
1118 3286 1244 3358 potest.

253 3485 288 3554 8.
344 3471 433 3565 Spe.
452 3474 727 3565 scoparioides3
750 3464 882 3543 fronde
905 3465 1112 3537 alternatim
1133 3470 1339 3556 bipinnata,
1365 3474 1506 3561 stricta,
1529 3482 1667 3558 erecta;
1693 3489 1758 3561 rs·
1782 3460 1872 3532 Teb·
1893 3468 1952 3546 32·

171 3603 252 3677 mis
264 3601 479 3690 aemulisque
492 3600 938 3698 patenti-divergentibus5
958 3598 1117 3673 articulis
1136 3601 1354 3672 diametrum
1364 3599 1595 3694 longitndine
1608 3622 1757 3691 aeqvan-

170 3737 283 3808 tibus.

307 3870 460 3945 Habitat
480 3873 561 3945 loco
573 3874 821 3969 praecedentis:

218 4000 345 4069 DESC.
393 4002 501 4069 Caulis
523 4022 626 4071 setam
645 4006 819 4097 porcinam
842 4027 996 4091 crassus,
1032 4007 1268 4100 semipollicari
1290 3998 1333 4073 ad
1354 4004 1548 4098 pollicarem
1571 3999 1754 4087 longitudi-

303 4130 363 4187 ne,
398 4106 583 4174 alternatim
603 4110 961 4203 duplicatopinnatus.
1010 4115 1105 4182 Remi
1125 4112 1312 4191 divaricari,
1345 4103 1755 4186 se1·eh0rizontales,al-

307 4213 401 4293 terni,
427 4213 536 4299 rigidi,
560 4213 698 4305 aliisqvc
715 4217 904 4284 minoribus
920 4219 1071 4302 obsessi3
1093 4218 1212 4284 ramuli
1225 4215 1341 4311 patuli,
1367 4215 1494 4296 alterni,
1519 4219 1649 4289 breves,
1673 4234 1755 4275 acu·

303 4318 427 4382 minati.
469 4319 620 4385 Fructus
637 4321 768 4386 Semina
780 4324 890 4405 nuda,
912 4324 1073 4406 rotunda,
1100 4324 1210 4404 fusca,
1232 4322 1335 4388 limbo
1351 4320 1622 4412 pellucidosaepe
1636 4319 1753 4393 cincta,

303 4423 453 4515 apicibus
467 4422 672 4491 ramulorum
686 4427 887 4517 sphacelatis
903 4432 1068 4495 immersa.
1117 4429 1203 4493 Tota
1217 4427 1312 4494 srons
1326 4423 1517 4505 articulata,
1531 4419 1662 4485 articuli
1681 4418 1755 4483 dia-

302 4529 399 4595 metri
415 4525 638 4613 longitudine,
664 4533 758 4597 striis
775 4528 938 4635 duabusl
986 4528 1220 4619 gitudinalibns
1245 4532 1359 4597 notati.
1402 4528 1504 4596 Color
1530 4518 1753 4591 fusco-oliva·

302 4652 397 4711 cens,
430 4634 599 4699 exsiccate
621 4634 748 4701 snsc'us.
796 4602 989 4702 subselliis
1014 4655 1143 4715 tenera,
1168 4632 1393 4717 rigidiuscula.
1440 4633 1571 4700 Annua.
1618 4629 1753 4718 Hyeme·

302 4737 432 4803 Chartae
447 4761 516 4803 non
528 4738 684 4804 adheret.

214 4851 309 4921 oss.
349 4850 405 4921 ed
422 4853 488 4920 hoc
502 4874 607 4938 genus
624 4855 723 4923 etiam
739 4853 886 4947 pertinet
898 4852 1073 4942 Conferre
1078 4852 1190 4945 frasne
1208 4853 1315 4949 lluds.
1331 4877 1367 4944 p.
1385 4861 1458 4929 602·
1477 4888 1521 4909 -·
1542 4851 1696 4928 wine
1718 4852 1757 4935 pl

191 4982 195 4987 ·
303 4961 376 5039 att.
400 4957 574 5033 -Dillaa
588 4959 675 5027 Τὼ.
689 4968 743 5039 95.
767 4976 801 5026 et
815 4957 942 5029 Innod.
956 4982 991 5027 a.
1007 4968 1081 5035 151·
1270 4984 1275 4990 ·

777 5100 1148 5127 *-

1257 5188 1360 5275 (14¹)
