4772 6106
689 504 763 582 148
1038 492 1215 566 sueno
1243 489 1460 592 stnrn.
1521 493 1798 572 comanus.

768 703 884 767 sentia
907 701 1045 767 recentis
1068 697 1296 783 rigidiuscula,
1328 701 1494 767 exsiccata
1518 701 1666 768 flaccida.
1713 705 1858 770 Aestate.
1903 705 2034 773 Charta
2054 710 2211 777 nou-ad-

769 807 882 872 haeret.
2105 809 2110 818 '

436 1018 530 1090 Tab.
549 1023 610 1102 51,·
713 1012 773 1086 27.
824 1005 861 1075 C.
874 1000 1156 1113 Melogonium5
1181 1001 1249 1071 filis
1265 1000 1504 1094 simplicibus,
1523 1004 1783 1096 crassiuseulis,
1802 1010 1945 1101 rigidis,
1970 1014 2125 1106 scietis,
2149 1037 2213 1103 ar:

632 1140 751 1214 ticulis
766 1142 942 1210 diametro
957 1137 1066 1232 triplo
1080 1138 1321 1229 longioribus,
1341 1139 1502 1206 siccitate
1518 1138 1721 1210 alternatim
1735 1148 1965 1232 compressis:

770 1258 918 1375 Conservis
938 1305 1137 1375 Metagonium
1162 1300 1246 1352 weh.
1269 1304 1295 1351 bt
1315 1299 1399 1352 Mohr
1424 1300 1454 1353 it.
1485 1319 1557 1356 arec.
1583 1321 1610 1371 p.
1635 1318 1690 1374 194„
1723 1303 1795 1356 Tab.
1814 1318 1840 1368 3.
1869 1306 1911 1376 fig.
1932 1325 1956 1360 2.
1977 1329 2004 1365 a.
2027 1313 2055 1361 b.
2072 1343 2100 1358 -
2125 1310 2210 1364 Roth.

833 1373 893 1426 Cat.
910 1373 968 1427 bot.
986 1383 1011 1435 3.
1030 1390 1058 1444 p.
1077 1387 1137 1442 254
1156 1404 1185 1418 -
1202 1368 1295 1423 Dillu‘·
1313 1366 1416 1422 lutrod.
1446 1388 1473 1440 p.
1495 1381 1539 1440 48.
1559 1384 1586 1423 et
1606 1370 1701 1442 Suppl.
1721 1374 1792 1426 Tab.
1811 1375 1844 1428 B.
1861 1409 1888 1422 -
1907 1381 1953 1446 Ag.
1974 1377 2056 1449 Disp.
2076 1397 2103 1450 p.
2120 1390 2164 1444 30.
2186 1392 2213 1431 et

833 1443 895 1509 syn.
915 1462 943 1514 r·
965 1453 1007 1511 84-

570 1592 574 1597 “
636 1586 791 1658 Habitat
804 1587 851 1655 ad
865 1608 952 1654 saxa
966 1586 1004 1652 in
1018 1580 1200 1673 profundo
1215 1580 1298 1648 ostii
1312 1580 1411 1649 sinus
1427 1576 1668 1670 Otbiniensis,
1692 1592 1729 1650 et
1751 1585 1797 1652 ad
1819 1584 1935 1653 caules
1960 1586 2143 1659 Fuco'rtmr
2164 1589 2212 1658 ad

637 1746 737 1791 oram
752 1692 1022 1810 Hofrnansgavc
1040 1717 1193 1805 Fioniae,
1219 1715 1344 1784 rarius.
1396 1711 1454 1783 Ad
1467 1718 1600 1783 ostium
1618 1717 1716 1785 sinus
1735 1715 2121 1812 OxeliordNorvegiae.
2170 1720 2213 1790 In

637 1878 773 1924 occano
795 1853 989 1940 islandiae,
1027 1847 1164 1920 Weber
1189 1860 1226 1917 et
1249 1844 1374 1917 Molrr.
1441 1846 1483 1915 ln
1512 1850 1604 1917 mari
1625 1828 1912 1941 Groenlandico,
1948 1854 2009 1924 W
2003 1852 2213 1933 ormskiold.

637 1984 695 2056 Ad
712 1986 847 2056 insulas
862 1987 1071 2056 Faeroenscs
1084 1987 1123 2053 in
1137 1983 1314 2074 superiori
1329 1979 1490 2055 refluxus
1505 1980 1638 2076 limite,
1658 1993 1701 2052 ut
1720 1985 1767 2053 ad
1777 1982 1950 2078 Ridevig,
1972 1986 2121 2081 Quirig,
2147 2011 2215 2065 007

635 2142 749 2210 prose.

682 2281 807 2348 DESC.
854 2282 959 2347 Radix
981 2278 1083 2345 callus
1103 2302 1242 2370 parvm,
1267 2294 1428 2357 scutatus,
1453 2280 1628 2363 nigricans.
1672 2278 1744 2345 Fila
1769 2282 1943 2349 arcadem
1963 2285 2037 2352 hesi
2059 2286 2216 2377 plurima,

771 2402 963 2467 aggregata,
987 2408 1063 2448 raro
1080 2383 1241 2459 solitaria,
1266 2383 1445 2470 simplicia,
1468 2384 1598 2464 teretia,
1624 2401 1750 2464 erecta,
1781 2384 1921 2476 palmari
1935 2390 1977 2454 ad
1991 2390 2216 2479 spithamaeam

770 2484 1001 2566 longitudine,
1034 2502 1102 2547 scta
1122 2486 1261 2571 porcina
1282 2485 1360 2570 Qplo
1390 2489 1567 2566 crassiora,
1599 2486 1830 2569 rigidiuscula,
1865 2516 1996 2556 sursum
2023 2495 2214 2583 spectantia,

770 2589 900 2665 stricta,
926 2585 1018 2674 apice
1034 2585 1162 2649 obtusa.
1202 2582 1343 2648 Articuli
1358 2585 1530 2650 inferiores
1551 2591 1719 2654 interdurn
1743 2590 1903 2659 diametro
1927 2594 2084 2684 aeqvales‚
2115 2597 2217 2662 ceteri

771 2690 815 2757 ad
834 2712 937 2754 unum
951 2711 1065 2755 omnes
1081 2686 1160 2778 3plo
1174 2685 1358 2769 longiores,
1383 2703 1414 2749 et
1431 2688 1458 2751 si
1472 2688 1506 2751 in
1523 2689 1741 2755 exsiccatione
1755 2691 1880 2756 nullam
1902 2694 1955 2758 fila
1980 2721 2075 2786 passa
2094 2698 2219 2764 luerint

770 2797 994 2885 pressionem,
1020 2790 1203 2858 alternatim
1228 2792 1418 2881 compressi.
1474 2790 1635 2857 Genicula
1654 2793 1863 2875 brevissima,
1894 2795 2077 2885 pellucido,
2100 2824 2218 2890 parum

770 2915 948 2964 contracta.
997 2895 1100 2962 Color
1114 2912 1255 2961 saturato
1269 2893 1393 2960 viridis.
1441 2896 1628 2961 Substantia
1645 2899 1798 2963 recentis.
1808 2897 1930 2982 rigida,
1956 2904 2121 2970 exsiccata
2136 2907 2219 2972 llae-

771 2999 889 3069 cidior.
932 3004 1062 3068 Annua.
1103 3001 1189 3067 Vere
1204 3016 1235 3063 et
1250 3017 1367 3065 aestate.
1411 2999 1541 3065 Chartae
1564 3025 1634 3066 non
1652 3001 1807 3069 adhaeret.

683 3118 774 3191 OBS.
814 3118 958 3208 Qvanclo
981 3119 1016 3183 iu
1037 3116 1117 3183 locis
1140 3116 1301 3181 natalibus
1323 3118 1570 3197 Faeroensibus,
1610 3118 1802 3184 scrobiculis
1824 3144 1943 3213 nempe
1965 3126 2115 3204 marinis,
2153 3126 2216 3190 sub

774 3247 857 3312 aqva
870 3224 1090 3314 conspicitur,
1115 3223 1250 3287 omnino
1268 3221 1433 3286 albescere
1448 3220 1661 3311 vel'chalybis
1676 3220 1788 3312 politae
1802 3225 1904 3289 instar
1924 3224 2049 3309 fulgere
2064 3226 2212 3310 videtur3

677 3332 682 3341 ’
774 3344 918 3392 extracta
932 3352 1032 3407 vero,
1055 3325 1119 3391 hoc
1133 3324 1262 3410 fulgore
1279 3344 1507 3406 evanescente,
1532 3342 1673 3391 saturata
1699 3324 1812 3392 viridis
1834 3346 1980 3417 apparet.
2004 3365 2048 3380 -
2070 3332 2101 3395 A
2120 3353 2213 3419 prce-

774 3433 910 3497 cedente
926 3431 1037 3496 differt
1051 3428 1194 3494 articulis
1209 3427 1432 3514 longioribus,
1455 3428 1619 3516 rigiditate
1632 3431 1751 3522 mnjori
1773 3448 1805 3496 et
1830 3429 1941 3498 colore
1965 3434 2146 3499 intensiori.
2168 3470 2212 3485 -

775 3534 922 3601 Granula
931 3581 941 3613 ,
966 3557 1038 3623 qvae
1052 3535 1088 3599 ln
1102 3531 1246 3599 articulis
1264 3537 1484 3614 continentur,
1508 3533 1550 3597 ad
1566 3532 1731 3617 genicula,
1756 3557 1828 3623 qvae
1840 3535 1918 3601 inde
1931 3538 2086 3625 utrinque
2101 3539 2218 3622 nigref

761 3640 895 3706 'scentia
910 3637 1052 3707 evadunt
1061 3687 1073 3721 ,
1091 3657 1344 3737 coacervantur,
1366 3639 1454 3707 unde
1469 3661 1591 3705 nomen
1605 3663 1645 3705 ex
1658 3641 1753 3724 μέλας
1768 3652 1800 3705 et
1811 3643 1881 3722 ybs
1897 3641 2127 3731 compositum.

746 3927 748 3931 7
905 3834 986 3912 2‘2‘2‘
1030 3833 1274 3903 subterreslres.

442 4009 539 4083 Tap,
552 4013 615 4089 43,
712 4000 775 4073 28.
824 3989 860 4060 (l
874 3988 1067 4077 Pteridis5
1088 3990 1157 4063 filis
1170 3993 1409 4085 simplicibus,
1433 3990 1664 4082 repentibus,
1688 3990 1923 4082 sommus,
1945 3992 2105 4065 articulis
2125 3993 2212 4080 lon-g

639 4120 884 4221 gitutlinaliter
899 4121 1057 4215 plicatis,
1085 4128 1259 4197 diametro
1280 4126 1389 4217 triplo
1403 4123 1638 4217 longioribus.

775 4284 925 4359 Censores
942 4272 1069 4341 Pteriits
1089 4293 1136 4359 Ag.
1157 4286 1237 4362 Disp.
1258 4306 1286 4360 p.
1306 4300 1348 4352 ει.
1369 4303 1396 4342 et
1413 4288 1477 4359 Syn.
1497 4307 1524 4361 p.
1543 4286 1588 4357 76,

641 4428 798 4505 Habitat
808 4432 855 4502 ad
869 4432 1007 4501 radices
1020 4426 1174 4499 Pteridis
1189 4429 1354 4523 aqvilinaa
1376 4429 1547 4522 vulgaris.
1651 4462 1655 4469 ·

683 4595 808 4662 DESC.
855 4589 1042 4658 Fasciculus
1061 4590 1196 4673 densus,
1220 4591 1365 4658 radicem
1379 4590 1533 4661 Paridis
1548 4588 1702 4684 utrinque
1724 4585 1927 4672 obtesticns,
1952 4586 2066 4658 sabulo
2080 4588 2221 4659 immix-

605 4692 607 4696 ⁸
707 4720 712 4721 ⁷
773 4716 837 4763 tus.
881 4695 954 4760 Fila
967 4695 1146 4784 simplicia,
1169 4699 1337 4777 intricata,
1361 4715 1463 4763 setam
1487 4698 1640 4788 cavinana
1654 4722 1777 4777 crassa,
1800 4702 1864 4770 3-4
1878 4694 1980 4762 lineas
2002 4695 2117 4782 longa,
2140 4702 2218 4789 api-

773 4823 846 4864 cem
867 4820 979 4863 versus
1001 4801 1191 4864 acuminata.
1236 4800 1377 4867 Articuli
1392 4800 1555 4868 diametro
1572 4801 1696 4891 3—4plo
1716 4802 1900 4885 longiores,
1924 4799 2011 4866 linea
2032 4800 2083 4868 rel
2103 4802 2217 4891 potius

773 4900 861 4993 plica
884 4922 949 4963 una
970 4897 1111 4963 alterave
1129 4900 1361 4984 longitudinali
1384 4905 1529 4973 flexuosa
1549 4906 1604 4969 hie
1626 4905 1695 4970 illic
1720 4909 1836 4973 uotae.
1884 4903 2045 4971 Geuicula
2064 4904 2214 4982 obscura,

772 5003 939 5071 interdum
952 5001 1131 5084 annularis,
1154 4994 1331 5073 conuecta.
1379 5008 1482 5076 Color
1496 5010 1637 5099 caspius
1654 5009 1880 5090 fusco-ruber,
1902 5009 2035 5077 filorum
2048 5009 2109 5072 sub
2125 5005 2215 5071 lenta

773 5132 904 5191 aureus,
941 5107 1045 5178 rubro
1066 5110 1203 5191 tinctus,
1240 5107 1445 5202 splendidus.
1505 5111 1696 5184 Substantia
1719 5130 1847 5197 wama,
1878 5117 2047 5183 exsiccatas
2077 5107 2214 5195 fragilis.
