4728 6088
594 504 767 583 SEOE'IO
792 502 961 580 PRIMA.
1013 502 1296 581 LAithAltla.
1483 549 1486 554 ·
1637 527 1684 595 21

278 717 457 770 luminaria
474 713 596 768 balhorn
618 717 696 771 Lam.
709 714 794 771 Thai.
815 737 842 791 p.
864 736 907 771 22.
928 728 964 758 ’-
980 718 1029 790 ug.
1045 717 1108 789 Syn.
1124 736 1150 789 p.
1162 716 1223 783 13.1

279 819 374 872 Fuere
390 818 526 870 bulbosus
543 818 638 890 Espsr.
653 819 690 872 Τ.
701 831 758 884 ¹²3·
779 847 814 860 -
834 820 912 891 Engl.
930 819 987 875 bot.
1006 822 1041 874 T.
1054 821 1128 890 1760.
1149 852 1177 867 -
1195 821 1283 876 Turn.
1302 817 1366 891 Syn.
1382 837 1409 892 p.
1428 833 1487 876 212.
1504 832 1532 874 et
1543 818 1616 876 Hire
1631 821 1667 877 Τ.
1679 823 1738 880 161.

315 956 345 969 -
382 918 548 993 polyseides
562 920 629 975 Ner.
646 920 721 976 britt.
733 923 771 976 T.
785 931 813 993 4.
831 956 859 971 -
876 922 977 983 Landt.
1003 922 1131 996 descript.
1147 924 1284 981 Faroent.

315 1059 345 1073 ..
381 1025 532 1096 palmatus
546 1023 637 1079 Gmel.
655 1026 691 1079 T.
701 1039 744 1094 30.
804 1035 810 1041 '
1255 1003 1258 1007 .

284 1130 364 1185 Ulca
380 1127 504 1179 bulhosa
518 1126 588 1179 Dec.
605 1126 632 1179 ss.
647 1127 679 1181 lr.
697 1146 723 1193 a,
745 1148 774 1202 p.
794 1129 836 1184 16.
898 1165 899 1168 =

132 1296 301 1367 Habitat
314 1293 362 1363 ad
376 1287 512 1361 insudas
528 1288 560 1359 F
560 1312 751 1385 aeroenses,
775 1294 918 1365 Landt.

179 1478 319 1547 DESC.
375 1473 480 1542 Radix
504 1473 750 1561 tuberilormis,
784 1477 940 1564 globosa,
964 1476 1190 1562 magnitudine
1216 1480 1310 1571 pyri,
1341 1483 1424 1571 quin
1448 1478 1564 1569 capitis
1589 1476 1739 1561 infantis,

279 1585 368 1647 intus
384 1602 481 1657 cava,
506 1582 709 1649 extrinsecus
728 1584 821 1651 fibris
838 1584 939 1650 dense
953 1583 1060 1648 obsita
1076 1582 1358 1666 horizontalibus,
1382 1583 1505 1649 lineam
1527 1605 1627 1647 unam
1651 1580 1736 1647 alte·

280 1710 394 1754 ramvc
416 1683 544 1768 longis,
586 1686 704 1775 quibus
729 1688 845 1780 planta
869 1689 1008 1779 rupibus
1034 1689 1237 1755 tenacissime
1259 1688 1415 1755 adhaeret.
1478 1685 1736 1778 Stipesplanus,

286 1793 467 1869 coriaceus,
492 1785 594 1855 semel
614 1807 738 1881 tortus,
761 1793 970 1879 longitudine
988 1792 1200 1883 semipedali,
1225 1795 1429 1878 marginibus
1450 1793 1579 1858 inlerne
1594 1791 1737 1874 insigni-

286 1916 337 1965 ter
353 1894 510 1961 undulatis
523 1895 550 1989 li
556 1894 783 1993 rubria'tisqvc.
816 1897 966 1965 Folium
985 1898 1133 1990 planum,
1150 1922 1290 1989 prorsus
1306 1922 1443 1979 enerve,
1466 1895 1658 1988 peripheria
1669 1894 1738 1957 ob-

284 2002 417 2086 longum
432 2001 485 2069 vel
508 2004 900 2085 cordato-rotundatum,
931 2005 967 2070 in
991 2003 1129 2069 laminas
1150 2011 1171 2073 6
1193 2003 1236 2067 ad
1259 2016 1302 2076 20
1323 2002 1488 2094 simplices
1510 1998 1737 2083 integerrimas

280 2109 403 2176 lissum.
458 2107 654 2200 Superficies
677 2107 788 2191 laevis3
820 2111 856 2174 in
878 2106 1002 2199 plantae
1021 2125 1131 2171 tamen
1153 2106 1294 2188 junioris
1321 2106 1496 2196 superficie
1516 2104 1636 2169 adsunt
1658 2103 1737 2194 pori

276 2214 496 2293 minutissimi,
517 2215 668 2305 equibus
685 2213 948 2305 progrediuntur
964 2211 1058 2278 fibrae
1076 2208 1160 2276 albae
1182 2206 1398 2277 fasciculatim
1415 2225 1586 2294 congestas.
1628 2209 1737 2275 Fruc-

278 2335 331 2384 tus
346 2319 467 2384 semina
481 2318 570 2384 nuda
585 2320 621 2385 in
632 2320 780 2403 margine
797 2319 918 2409 stipitis
934 2314 1120 2397 undulata,
1145 2314 1319 2380 interdum
1332 2316 1368 2380 in
1384 2315 1458 2406 ipso
1475 2315 1586 2406 stipite
1602 2311 1738 2405 foliique

276 2423 347 2488 basi
367 2425 495 2515 posita,
528 2422 689 2508 oblonga,
713 2422 897 2515 pellucida,
929 2424 1022 2490 libris
1047 2420 1130 2486 albis
1155 2418 1363 2511 simplicibus
1388 2422 1522 2510 copiose
1545 2421 1735 2504 interjectis.

275 2527 379 2596 Color
394 2529 520 2595 intense
540 2528 835 2609 olivaceo·viridis,
859 2533 980 2608 nitens,
1007 2525 1142 2616 opacus,
1165 2527 1331 2590 exsiccata
1348 2526 1524 2609 nigricans.
1547 2536 1551 2545 '
1571 2523 1735 2591 Substan-

277 2636 320 2709 tia
336 2633 457 2700 radicis
473 2651 506 2700 et
520 2635 640 2724 stipitis
656 2635 824 2710 coriacea,
847 2632 921 2697 solii
940 2628 1169 2713 cartilaginea,
1194 2628 1300 2712 lenta,
1322 2648 1428 2715 tenax.
1476 2631 1646 2713 Perennis.

193 2761 295 2830 0138.
330 2762 527 2846 Giganteam
550 2757 603 2824 vel
628 2757 802 2823 arboream
825 2757 910 2822 hanc
934 2758 1079 2847 speciem
1099 2755 1310 2848 appellarunt
1333 2760 1534 2850 antiquiores
1561 2756 1736 2845 Algologi3

280 2889 338 2932 nee
351 2869 493 2947 mirum3
516 2879 651 2955 superat
666 2863 755 2927 enim
770 2861 996 2946 magnitudine
1012 2864 1114 2929 Lam.
1134 2862 1330 2951 digitalem,
1344 2918 1348 2925 .
1361 2866 1600 2932 saeoburinam
1616 2882 1649 2931 et
1662 2888 1736 2957 qvae

277 2991 351 3039 sunt
365 2990 473 3039 cetera
490 2969 626 3053 insignis
641 2966 869 3058 amplitudinis
888 2965 1183 3061 Thalassiopbyta,
1210 2967 1253 3035 ad
1281 2988 1397 3037 nostra
1424 2972 1536 3045 littora
1561 2972 1677 3053 obvia3
1703 2988 1737 3038 et

276 3079 437 3145 affirmant
453 3073 537 3143 Cell.
552 3071 739 3162 Ligbtfoot
752 3090 784 3139 et
797 3072 1001 3138 Stuekbouae
1024 3073 1059 3136 in
1075 3090 1199 3139 tantam
1221 3074 1345 3142 molem
1367 3080 1556 3173 exerescere
1574 3075 1734 3168 plantam,

277 3202 315 3249 ut
328 3181 525 3275 qvandoqvc
538 3181 593 3247 vix
607 3178 755 3244 humeris
769 3179 812 3244 sit
828 3176 1031 3244 sustinenda.
1049 3168 1260 3247 -Praeterea
1276 3186 1468 3250 auctoritate
1482 3185 1562 3252 Rev.
1578 3166 1734 3263 Lanam,

276 3292 333 3380 qvi
348 3290 391 3356 ad
403 3286 525 3354 insulas
541 3285 730 3350 Foeroenses
745 3284 832 3349 banc
856 3283 1001 3374 speeiem
1022 3308 1057 3350 se
1081 3287 1244 3355 invenisse
1265 3304 1419 3371 testatur,
1447 3291 1483 3356 in
1505 3314 1543 3356 ea
1563 3287 1734 3375 alleganda

274 3396 372 3459 nixus
387 3415 470 3459 sum.
516 3392 591 3479 Ipse
606 3411 679 3454 eam
692 3388 739 3453 ibi
753 3413 823 3456 non
839 3386 928 3471 vidi3
953 3387 1013 3455 sed
1029 3389 1147 3460 incolae
1160 3393 1281 3460 haram
1295 3395 1478 3462 insularum
1502 3394 1545 3462 de
1564 3394 1734 3462 radicibus

276 3492 382 3575 Fuci,
404 3492 556 3577 globulos
572 3517 707 3577 magnos
722 3493 960 3575 referentibus,
985 3497 1041 3587 qvi
1056 3515 1205 3590 tempore
1219 3500 1363 3582 hyemali
1377 3504 1414 3567 in
1425 3501 1537 3567 littora
1554 3502 1734 3585 ejicieban-

283 3612 358 3667 tur,
378 3612 573 3673 narrarunt3
597 3614 629 3660 et
650 3619 728 3660 cum
741 3595 816 3655 haec
836 3596 907 3675 alga
931 3596 973 3663 ad
998 3600 1215 3664 orasseou'ae
1240 3602 1413 3688 provenit,
1439 3607 1575 3665 assertio
1596 3602 1733 3668 illorum

286 3693 485 3761 verosimilis
499 3708 547 3755 est
552 3716 563 3771 3
587 3716 687 3782 quare
702 3690 809 3761 nullus
825 3695 958 3785 dubito,
982 3703 1062 3795 quin
1077 3702 1165 3767 inter
1178 3719 1308 3769 nostras
1324 3705 1367 3769 sit
1382 3703 1647 3788 annumeranda3
1671 3708 1731 3771 sed

276 3798 398 3862 Fusus
421 3794 617 3882 bffurcatus
636 3797 747 3865 Gutus.
772 3804 956 3878 testimonio
977 3811 1081 3901 ipsius
1105 3804 1185 3877 Rev'.
1210 3809 1290 3889 viri,
1316 3808 1407 3901 qvod
1427 3809 1469 3876 ad
1487 3808 1731 3903 precedentem

277 3903 420 3991 speciem
436 3924 547 3992 nuper
560 3903 676 3985 citavi,
701 3904 744 3972 ad
760 3907 1005 3989 Laminoriam
1022 3915 1205 4007 digitatom
1219 3916 1388 4009 pertinere
1401 3917 1584 3984 censendus
1601 3936 1659 3984 est.

214 4114 252 4183 3.
305 4102 354 4171 L.
372 4099 615 4190 sacellarium
639 4108 761 4198 stipite
777 4119 908 4203 terete,
934 4120 1036 4209 apice
1052 4122 1212 4210 expanso
1226 4115 1407 4188 inioh‘um
1424 4117 1724 4194 lineari-lanceo-
1776 4124 1867 4201 Tab.
1889 4139 1926 4215 ἃ

119 4240 263 4328 latum,
284 4222 570 4328 integerribrum,
588 4239 780 4313 indivisum
790 4270 803 4338 3
828 4249 1026 4320 seminibus
1039 4257 1172 4343 sparsis
1190 4230 1337 4322 bicillic
1355 4250 1445 4322 lolio
1462 4258 1606 4327 innatis.

268 4422 445 4475 Lamtaarta
459 4420 635 4478 sacebartna
650 4426 727 4483 Lam.
744 4427 829 4484 Tbal.
842 4451 869 4505 p.
881 4451 924 4489 aa.
943 4463 978 4478 ·-
996 4438 1043 4508 Ag.
1058 4437 1120 4508 Syn.
1137 4460 1165 4512 p.
1183 4458 1225 4512 17.

267 4525 358 4577 Facies
372 4522 561 4580 sacekan'nus
578 4528 642 4583 Lin.
660 4559 695 4572 -
715 4532 804 4584 Turn.
823 4533 888 4604 Syn.
907 4554 934 4589 u.
950 4550 991 4604 57.
1020 4554 1047 4592 et
1068 4541 1139 4596 Hist.
1156 4544 1192 4595 T.
1216 4542 1272 4607 163.
1292 4565 1330 4582 -
1350 4504 1440 4596 (intel.
1466 4542 1501 4598 T.
1519 4550 1561 4605 aa.
1586 4539 1631 4614 lig,
1645 4514 1671 4601 i.
1690 4571 1726 4585 -

297 4622 301 4629 ·
332 4593 397 4663 E’P·
415 4594 450 4645 Τ·
466 4598 565 4679 2456·
585 4624 620 4682 -ζ
638 4598 677 4651 Fl·
691 4617 768 4655 ΜΝ.
791 4618 812 4663 1.
830 4615 872 4666 52.
893 4630 927 4647 ·-
946 4605 1061 4663 Olafsen
1088 4609 1177 4677 inisl.
1194 4620 1299 4683 71443.
1320 4635 1356 4652 -
1373 4612 1556 4668 Horuemann
1571 4608 1600 4665 ll.
1617 4628 1676 4667 eae.
1692 4629 1721 4684 p.

331 4677 392 4732 9²7·
414 4688 449 4702 -
468 4661 561 4718 Suom
576 4665 695 4721 Sondm.
715 4688 743 4721 n.
762 4685 803 4722 ra.
827 4698 862 4712 ·—
880 4673 982 4744 Zoega.

271 4763 348 4817 Ulva
363 4764 541 4819 anscharius
560 4768 630 4821 Dec.
650 4768 677 4821 ll.
692 4768 725 4825 ir.
743 4787 767 4833 a,
782 4790 810 4844 p.
830 4786 871 4840 15.

284 4894 319 4908 -
358 4869 533 4939 longissima
548 4868 575 4924 d.
591 4889 670 4928 nors.
684 4890 709 4936 2,
734 4891 763 4945 p.
780 4886 838 4941 118.
860 4876 932 4932 Tse.
949 4897 974 4950 7.
993 4880 1038 4955 fig.
1057 4896 1093 4939 1,·

264 4966 336 5038 Κ711.
357 4969 448 5023 virid.
473 4990 501 5044 p.
518 4973 563 5041 46.
587 4992 616 5027 11.
633 4992 658 5028 1.

164 5128 219 5228 β)
248 5127 394 5203 bullato
399 5182 415 5218 ,
439 5132 572 5211 fronde
584 5138 742 5239 bullata,
767 5145 991 5244 marginibus
1009 5147 1206 5236 memus.
