4728 6088
909 462 1181 537 rumano.
1733 410 1737 417 ’
1810 480 1872 538 xv

153 667 375 761 sexualia
388 685 586 777 taceam,
616 662 1118 789 qvae'ornninolatcnta
1144 660 1275 755 nulla
1292 665 1417 755 enim
1438 652 1692 754 rationein
1709 661 1928 756 dividen-

156 810 223 903 do
254 843 314 902 ex
341 811 558 935 partibus
584 807 1075 946 remm'diflicillimis,
1116 808 1192 902 vel
1220 812 1475 937 incognitis
1500 805 1577 898 vel
1598 809 1925 933 inconspicuis

158 957 459 1049 characteres
479 953 700 1045 sumendi
716 978 846 1069 sunt,
881 957 965 1046 sed
982 957 1147 1077 potius
1165 987 1223 1045 ex
1250 955 1523 1076 conspicuis
1547 974 1594 1043 et
1607 950 1747 1043 facile
1765 952 1929 1046 obser·

157 1098 350 1210 vandis3
383 1097 498 1189 alias
516 1102 641 1191 enim
664 1105 766 1192 sine
787 1103 1066 1191 necessitate
1089 1096 1329 1190 difficilior
1344 1095 1782 1212 redditurscientia,
1813 1101 1928 1222 qvin

156 1251 306 1340 etiam
329 1240 588 1335 adimetam
605 1247 800 1337 minime
824 1243 1056 1369 perducit.
1117 1246 1167 1333 Si
1186 1246 1331 1369 igitur
1354 1240 1469 1334 tales
1499 1243 1816 1355 characteres,
1848 1246 1927 1365 qvi

159 1391 228 1485 ad
261 1391 452 1511 objecta
483 1388 967 1517 Hydrophytologica
1006 1385 1343 1515 cognoscenda
1383 1410 1431 1479 et
1457 1384 1780 1478 ‘discernenda
1821 1385 1929 1479 ido-

161 1569 325 1650 neam,
358 1531 549 1625 facilem
578 1557 625 1626 et
648 1532 838 1658 qvidem
854 1558 1031 1625 certam
1056 1536 1184 1623 viam
1210 1552 1443 1645 sternant,
1481 1534 1683 1623 inveniri
1710 1555 1925 1655 possunt,

163 1682 238 1796 hi,
282 1682 368 1771 etsi
396 1711 453 1770 ex
479 1676 637 1771 fructu
660 1711 762 1771 non
793 1699 1062 1788 sumantur,
1113 1674 1461 1769 difficilioribus
1494 1700 1604 1767 sunt
1630 1674 1926 1801 praeferendi,

164 1831 313 1950 inqve
335 1821 521 1938 iisdem,
557 1827 597 1915 si
614 1822 762 1916 modo
783 1824 917 1918 bono
940 1846 987 1914 et
1009 1843 1138 1914 certo
1161 1818 1474 1912 fundamento
1498 1826 1729 1935 nituntur,
1759 1819 1929 1912 luben-

166 1995 240 2063 ter
257 1972 553 2092 acquiescere
571 2002 847 2093 possumus,
877 1998 1025 2091 usqve
1047 1964 1160 2057 dum
1178 1964 1398 2057 meliores
1422 1968 1738 2056 inveniuntur.
1799 1967 1930 2057 Con-

165 2139 256 2209 stat
271 2118 422 2227 enim,
451 2111 822 2238 unumqvodqve
847 2136 1052 2239 systema
1065 2133 1267 2224 naturae,
1302 2112 1402 2203 sive
1418 2109 1684 2201 universale
1701 2114 1801 2203 sive
1820 2144 1929 2236 spe-

166 2261 309 2374 ciale,
341 2258 557 2388 glossarii
578 2264 685 2352 vice
708 2257 844 2387 fungi
866 2257 1062 2371 debere,
1106 2253 1235 2381 qvod
1258 2254 1388 2346 hunc
1412 2259 1464 2343 in
1482 2252 1626 2347 linem
1651 2254 1927 2370 evolvimus,

166 2431 332 2500 utrem
353 2408 568 2533 ignotam
587 2401 835 2497 divisionis
857 2435 952 2530 ope
972 2403 1040 2492 ibi
1056 2406 1366 2494 inveniamus.
1440 2397 1647 2520 Qvando
1672 2405 1816 2528 igitur
1835 2434 1923 2514 res,

166 2587 264 2678 qvae
292 2547 355 2642 ad
377 2546 663 2642 divisionem
687 2554 949 2672 pertinent,
995 2570 1129 2653 certa,
1150 2550 1338 2636 ratione
1374 2566 1420 2637 et
1455 2575 1638 2635 summa
1667 2542 1925 2675 diligentia,
2000 2621 2004 2626 .

172 2686 291 2803 adeo
314 2718 368 2787 ut
390 2694 616 2820 analogia
634 2693 811 2815 ubiqve
837 2712 1022 2783 servata
1047 2693 1127 2802 sit,
1163 2694 1214 2777 in
1241 2690 1458 2801 ordinem
1472 2760 1485 2807 ‚
1524 2724 1661 2816 qvem
1687 2689 1927 2820 elegimus,

167 2839 516 2953 redactaesunt,
560 2868 815 2962 earumqve
846 2833 1027 2928 divisio
1047 2833 1399 2928 characteribus
1434 2842 1709 2965 conspicuis
1735 2861 1782 2930 et
1816 2872 1932 2931 con·

164 2986 398 3081 stantibus
423 2989 609 3097 nititur,
647 2987 711 3096 is,
754 2984 832 3104 qvi
861 3013 961 3072 rem
989 2983 1170 3104 quaerit,
1208 3012 1332 3096 eam,
1363 2987 1405 3074 si
1435 2982 1820 3105 indispositione
1851 2976 1934 3077 de·

160 3139 344 3256 scripta
371 3151 543 3243 exstat,
581 3125 720 3219 facile
737 3128 968 3239 inveniat,
1009 3155 1204 3217 necesse
1229 3150 1320 3242 est,
1365 3127 1490 3221 etad
1515 3131 1847 3222 certitudinem
1870 3134 1935 3222 si-

154 3277 263 3371 mul
276 3278 556 3401 perveniat,
589 3294 799 3398 oportet;
837 3276 898 3384 ls,
935 3274 1014 3395 qvi
1042 3294 1111 3362 est
1131 3279 1284 3366 omnis
1311 3273 1559 3369 divisionis
1591 3274 1697 3368 linis
1724 3302 1929 3371 etmeta.

157 3422 357 3547 Qvibus
377 3422 519 3511 etiam
534 3420 820 3546 argumentis
841 3439 1099 3540 permotus,
1131 3424 1278 3512 satius
1300 3420 1417 3512 drrxi
1435 3421 1688 3515 utilitatem
1709 3431 1797 3517 arti
1811 3459 1936 3557 prae·

158 3565 317 3671 ferre,
358 3566 491 3650 etita
525 3559 725 3671 credidi,
771 3561 1121 3652 characteribus
1147 3566 1386 3684 primariis
1423 3594 1481 3649 ex
1509 3567 1678 3653 habitu
1709 3570 1931 3658 exteriori

151 3703 353 3812 sumtis,
381 3700 498 3791 huic
511 3707 715 3790 scientiae
728 3700 932 3794 faciliori
944 3702 1195 3797 reddendae
1215 3702 1384 3796 meiius
1403 3702 1673 3798 consultum
1694 3711 1766 3825 iri,
1791 3743 1933 3835 qvam

152 3847 354 3979 placitis
373 3841 669 3936 eruditorum
684 3844 750 3936 >de
768 3845 927 3942 fructu
948 3854 1299 3977 obtemperatis.
1366 3857 1483 3945 Haec
1505 3884 1619 3946 vero
1651 3859 1813 3946 omnia
1831 3886 1943 3948 non·

150 4002 234 4088 ita
258 4011 368 4082 sunt
389 3987 715 4119 intelligenda,
754 3997 869 4087 acsi
888 3993 1191 4090 fructificatio
1216 3995 1642 4126 Hydrophytonrm
1670 4032 1697 4091 a
1719 4036 1798 4096 me
1817 4036 1935 4097 con·

150 4155 455 4232 temneretur
474 4156 557 4224 aut
574 4135 790 4263 neglecta
811 4139 991 4260 jaceret
999 4176 1012 4254 ;
1050 4146 1101 4232 in
1123 4140 1280 4235 fructu
1301 4148 1428 4235 enim
1455 4145 1731 4273 indagando
1754 4173 1801 4240 et
1820 4156 1933 4244 satis

148 4279 430 4379 luculenter
449 4282 737 4404 exponendo
755 4281 889 4374 haud
908 4317 1079 4409 perum
1106 4320 1183 4377 me
1198 4280 1417 4412 posuisse
1438 4320 1613 4412 operae,
1647 4324 1705 4382 ex
1723 4292 1935 4386 delinea-

149 4426 397 4538 tionibus,
443 4427 495 4514 in
523 4425 893 4547 qvibusfructus
917 4432 1120 4556 ubiqve,
1164 4433 1250 4524 ubi
1277 4431 1378 4524 fieri
1406 4456 1622 4558 poterat,
1658 4443 1931 4563 apponitur,

150 4577 300 4687 satis,
334 4591 568 4695 utspero,
604 4569 877 4687 illucescett
905 4575 991 4668 sed
1010 4576 1061 4668 id
1078 4575 1230 4668 modo
1246 4580 1380 4691 volo,
1397 4601 1470 4669 ut
1482 4573 1786 4673 fructificatio
1811 4617 1935 4677 non·

130 4719 277 4823 dum
303 4719 394 4806 rite
422 4719 618 4843 cognita
642 4723 1026 4842 nonprima'ria,
1054 4721 1155 4814 ¹sed
1186 4720 1335 4814 modo
1353 4722 1650 4816 secundaria
1674 4729 1844 4833 divisio
1871 4735 1936 4819 si·
2008 4752 2010 4759 ·

144 4871 373 4960 staretur.
442 4863 628 4983 Scopas
658 4865 804 4976 enim,
837 4862 899 4955 ad
918 4899 1057 4988 qvem
1078 4890 1265 4992 spectat
1286 4865 1388 4961 haeo
1402 4868 1823 4997 Hydrophytorum
1839 4871 1936 4965 dis-

142 5012 368 5137 positio,
396 5009 449 5094 in
467 5037 561 5119 eo,
576 5007 1187 5138 ut‘jamtetigi,.versatur,
1218 5035 1277 5104 ut
1289 5010 1430 5107 labor
1449 5015 1691 5141 exemplar
1712 5021 1930 5149 ignotum
2016 5106 2025 5129 ,
