4772 6106
582 476 752 552 SEOHO
774 471 995 567 QVARTA:
1037 469 1316 550 CONFERVAL'
1612 474 1686 558 145

236 708 295 785 19.
349 693 387 763 0.
401 702 589 776 tortuoso3
613 689 680 761 iilis
695 687 933 779 simplicibus,
958 690 1138 778 tenuibus,
1160 686 1365 777 implicatis,
1390 681 1648 780 rigidiusorlis3
1673 710 1738 777 ar·¹
1762 686 1852 759 Tab.
1870 694 1936 777 49.

149 828 279 901 ticulis
297 829 474 919 diametro
493 823 670 915 subtriplo
685 822 931 915 longioribus,
956 821 1129 914 geniculis
1147 819 1346 912 pellucidis.
1882 858 1885 866 ·

293 989 444 1062 Conferre
465 1004 596 1043 tortuosa
613 986 706 1043 Dillw.
727 985 797 1041 Tab.
817 985 863 1057 46.
972 1044 978 1051 ,

145 1137 310 1206 Habitat
324 1133 371 1201 ad
387 1128 511 1200 littora
528 1131 754 1219 Faeroentia,
779 1128 957 1218 imprimis
978 1148 1087 1219 supra
1112 1126 1299 1216 sabulum,
1324 1130 1419 1222 qvod
1442 1133 1482 1200 in
1509 1132 1651 1201 summo
1673 1154 1738 1201 re-

147 1272 275 1340 fluxus
288 1266 404 1336 limite
420 1288 507 1334 sara
528 1265 711 1335 maritima
732 1261 793 1331 hic
815 1260 889 1330 illio
913 1262 1076 1352 obducit,
1108 1261 1208 1332 haud
1228 1260 1397 1354 freqvens
1404 1288 1415 1355 3
1449 1265 1489 1331 in
1518 1267 1600 1335 sinu
1622 1264 1738 1356 Qval-

149 1403 279 1474 hiiensi
299 1399 453 1492 alibiqve
467 1402 625 1491 passim.'
697 1446 701 1457 -

199 1565 325 1634 DESC.
370 1563 499 1653 Caespes
518 1579 583 1626 tres
597 1575 779 1649 quatuorve
798 1554 937 1650 pollices
954 1555 988 1618 in
1005 1555 1193 1621 extensione
1208 1558 1351 1640 habens,
1375 1558 1525 1626 sabulum
1548 1564 1583 1625 in
1606 1561 1736 1628 fissuras

286 1686 457 1762 rupestres
478 1664 656 1731 maritimas
684 1666 872 1753 projectum
903 1656 1071 1726 obducens
1098 1659 1251 1751 idemqvc
1272 1687 1511 1752 nonnunquam
1531 1683 1737 1755 perreptans.

287 1774 360 1841 Fila
376 1770 498 1862 capillo
514 1771 659 1835 humano
679 1791 799 1858 parum
824 1765 983 1831 crassiora
995 1802 1010 1842 ,v
1029 1762 1191 1844 flexuosa,
1214 1768 1373 1857 crispata,
1399 1768 1576 1859 simplicia,
1601 1771 1739 1834 intrica-

292 1897 333 1945 ta.
380 1872 526 1942 Articuli
551 1872 712 1938 diametro
735 1868 856 1960 2-3plo
877 1866 1054 1951 longiores.
1102 1867 1205 1933 Color
1227 1870 1354 1936 intense
1379 1871 1506 1938 viridis.
1552 1872 1739 1939 Substantia

292 2000 419 2062 tenera,
440 1997 546 2045 tenax.
595 1978 742 2065 Aestate.
779 1973 910 2039 Chartoe
924 1995 994 2037 non
1008 1970 1163 2036 adhaeret.

237 2235 299 2307 20.
356 2219 392 2291 C.
410 2216 639 2309 homoides5
663 2215 731 2290 filis
747 2211 989 2307 supplicibus,
1003 2208 1245 2297 tenuissimis,
1272 2210 1480 2301 caespitosis,
1504 2216 1622 2305 rectis,
1642 2234 1738 2306 pen-
1761 2227 1853 2301 trab.
1873 2233 1940 2316 49.
1976 2286 1980 2289 ,

161 2355 275 2452 dms,
300 2355 456 2427 articulis
475 2357 649 2425 dimetro
666 2347 948 2443 subaeqvalibus,
976 2339 1301 2433 moniliformibus,
1325 2344 1508 2416 interdum
1522 2346 1688 2439 hyalinis.

293 2519 442 2593 Consum
457 2516 691 2591 penicilltsormis
715 2514 801 2570 Roth.
822 2513 883 2568 Cat.
902 2510 960 2564 bot.
980 2530 1006 2580 5,
1026 2530 1055 2582 p.
1074 2507 1148 2578 271?

157 2667 312 2737 Habitat
326 2665 375 2733 ad
387 2663 509 2733 littora
526 2660 752 2743 Faeroensia,
777 2655 872 2722 saxis
887 2651 1078 2718 maritimis
1095 2651 1135 2727 in
1151 2672 1292 2720 summo
1314 2650 1474 2723 refluxus
1491 2652 1606 2725 limite
1621 2655 1737 2725 adua.

159 2812 215 2891 ta,
238 2800 400 2889 copiose,
425 2797 534 2867 etiam
551 2795 597 2863 ad
610 2791 750 2881 lapides
765 2787 966 2856 maritimos
979 2782 1112 2853 littoris
1130 2781 1341 2875 Hefniensis
1364 2797 1401 2858 et
1414 2789 1461 2858 ad
1474 2789 1597 2859 trabes
1623 2788 1741 2865 ralla-3

154 2958 218 3005 >res
233 2934 449 3004 munimenti
463 2929 673 3001 Trekroner
688 2923 791 3011 dicii,
813 2918 913 2990 haud
925 2940 1020 2989 raro.

208 3096 337 3171 DESC.
388 3098 519 3182 Caespes
540 3089 582 3154 de
605 3087 690 3153 saxis
717 3081 897 3150 declivibus
918 3079 1101 3172 pendulus,
1141 3083 1225 3153 duos
1247 3105 1353 3156 tresve
1375 3089 1512 3181 pollices
1534 3088 1762 3172 longitudine*

292 3223 446 3290 aeqrans,
470 3191 689 3259 sublubricus.
736 3186 808 3253 Fila
825 3184 946 3277 capillo
970 3187 1115 3255 humano
1140 3194 1307 3272 tenuiora,
1332 3193 1485 3275 flaccida,
1510 3211 1598 3260 recta
1621 3190 1673 3261 vel
1694 3193 1739 3258 ob

291 3303 397 3371 undas
413 3303 574 3367 irruentes
586 3296 702 3365 leviter
715 3294 876 3357 intricata.
922 3292 1064 3359 Articuli
1079 3293 1240 3363 diametro
1255 3297 1393 3387 aeqvales
1417 3298 1469 3365 vel
1491 3300 1605 3365 eadam
1621 3319 1741 3388 parum

290 3408 473 3491 longiores,
497 3401 757 3477 monilisormes,
779 3396 909 3481 globosi
924 3394 978 3462 vel
990 3399 1158 3480 subovati,
1181 3400 1347 3464 interdum
1360 3401 1405 3466 ob
1422 3426 1560 3468 massam
1576 3405 1739 3467 internam

293 3528 537 3578 evanescentem
550 3506 686 3598 hyalini.
735 3498 897 3568 Gs'nicula
912 3518 1098 3575 contracta,
1121 3502 1262 3563 obscura
1283 3517 1317 3564 et
1335 3501 1513 3590 pellucido.
1565 3503 1667 3567 Color
1684 3526 1739 3564 sa·
1781 3545 1785 3553 ·

297 3623 400 3673 turate
413 3612 541 3673 viridis.
588 3604 777 3670 Substantia
792 3619 921 3683 tenera,
943 3600 1142 3667 sublubrica.
1188 3603 1330 3667 Aestate.
1372 3603 1502 3668 Charta
1518 3605 1674 3670 adhaeret.

211 3752 303 3821 OBS.
352 3750 492 3820 Articuli
505 3749 742 3827 monililorrues
757 3753 899 3818 siccitate
921 3754 956 3818 in
979 3750 1155 3843 quadratos
1178 3751 1380 3836 formantur,
1405 3753 1562 3839 geniculis
1584 3755 1737 3821 omnibus

294 3855 479 3950 pellucidis.
527 3859 656 3924 Nomen
672 3855 797 3923 triviale
813 3858 1019 3938 ltormoides,
1043 3882 1082 3925 ex
1098 3861 1182 3959 iprae
1205 3859 1330 3926 monile
1350 3877 1382 3926 et
1406 3866 1474 3941 idos
1494 3861 1621 3952 species
1644 3882 1739 3927 com-

294 3963 455 4053 positum,
480 3960 567 4030 idem
580 3982 628 4032 est
641 3989 679 4031 ac
695 3958 950 4051 nwniliformis.

237 4210 295 4281 21.
350 4164 597 4286 (locutoria,
622 4198 692 4270 filis
707 4195 952 4290 simplicibus,
973 4200 1209 4290 tenuissimis,
1237 4202 1417 4291 crispatis,
1442 4200 1624 4292 spiraliter
1646 4222 1738 4288 con-3
1763 4206 1854 4278 Tab.
1875 4212 1939 4296 49.

160 4335 283 4425 tortis3
309 4335 468 4406 articulis
487 4338 666 4406 diametro
684 4333 921 4404 brevioribus.

213 4498 365 4570 Habitat
378 4507 425 4573 ad
438 4504 562 4575 littora
575 4504 785 4575 Fcaroensia
799 4504 959 4594 stipitem
972 4496 1190 4603 {inspriorem
1214 4504 1305 4572 Fuci
1330 4499 1520 4574 vesiculosi
1540 4505 1646 4576 viridi
1670 4513 1738 4576 suo'

164 4630 309 4717 caespite
330 4639 519 4717 parasitico
542 4638 757 4709 obvestiens.

209 4788 335 4855 DESC.
367 4789 506 4905 'Ca-spes
519 4794 682 4877 minutus,
701 4797 858 4890 pollicem
872 4799 1001 4865 circiter
1015 4801 1134 4886 longus
1146 4799 1330 4894 lineamque
1347 4798 1440 4867 altus.
1487 4798 1560 4866 Fila
1583 4800 1740 4867 densissi-

295 4906 534 4970 mammeam,
560 4896 729 4986 simplicia.
752 4904 978 4980 minutissima,
1002 4905 1149 4973 flexuosa
1164 4923 1196 4969 ct
1213 4904 1378 4996 spiraliter
1394 4922 1555 4972 contorta.
1600 4900 1740 4969 Articuli

301 4995 462 5061 diametro
480 4996 661 5063 breviores.
708 5003 866 5073 Genieula
884 5004 1128 5095 subpellucida,
1148 5010 1350 5077 brevissima.
1396 5008 1500 5076 Color
1527 5022 1668 5075 saturata
1687 5005 1742 5079 vir

191 5120 197 5139 ¹
298 5100 392 5169 nidis.
441 5097 630 5167 Substantia
645 5106 829 5174 tenerrima.
874 5111 1016 5177 Aestate.

1266 5219 1348 5306 (19)
1410 5190 1412 5195 ¹
