4728 6088
896 421 1172 497 pantano·
1677 413 1680 419 ’
1778 374 1876 499 svn

130 622 367 755 impedit,
401 654 494 751 qvo
513 630 671 717 minus
692 624 864 718 divisio
882 632 1106 751 persistat
1113 661 1127 736 ;
1162 653 1276 715 nam
1307 616 1489 751 aparte
1512 629 1694 749 potiori
1715 626 1818 721 fieri
1847 628 1929 723 de-

130 779 219 868 bet
244 773 581 866 denominatio
614 795 660 865 et
687 777 802 864 item
823 769 1112 863 distributio.
1178 775 1362 863 Natura
1385 769 1570 862 nullum
1594 772 1710 865 facit
1738 777 1926 895 saltum,

135 922 364 1014 dixerunt
390 940 574 1011 veteres
605 922 727 1010 etin
757 916 983 1047 adagium
1010 917 1148 1029 abiit;
1196 917 1453 1009 harmonia
1484 917 1675 1044 qvidem
1706 924 1851 1013 etiam
1877 928 1929 1015 in

137 1069 369 1196 operibus
397 1088 578 1156 naturae
607 1095 709 1156 esse
734 1060 1032 1190 intelligitur,
1087 1095 1239 1189 eaqve
1262 1062 1545 1156 admiranda
1578 1089 1718 1192 atqve
1742 1064 1928 1182 divina;

134 1219 364 1309 transitus
381 1244 506 1338 saepe
524 1209 696 1302 dantur
711 1207 951 1302 manifesti
969 1241 1071 1302 non
1089 1202 1248 1302 solum
1271 1215 1396 1302 inter
1422 1215 1529 1337 ipsa
1553 1245 1701 1343 regna
1732 1236 1926 1332 naturae,
2018 1325 2021 1329 ¹

134 1361 223 1456 sed
250 1366 395 1453 etiam
421 1362 546 1451 inter
577 1354 806 1483 qvasdam
831 1354 1024 1470 classes,
1059 1346 1236 1482 genera
1265 1379 1311 1448 et
1335 1361 1557 1482 species3·
1589 1381 1798 1452 attamen
1823 1393 1928 1454 non

134 1510 318 1633 ubiqye
346 1507 571 1597 transitus
598 1508 676 1596 isti
704 1500 856 1597 oculis
886 1501 1244 1595 observantium
1274 1501 1539 1596 offeruntur
1547 1539 1561 1617 ;
1611 1537 1755 1630 qvare
1784 1511 1928 1637 etiam

136 1651 358 1784 singulos
378 1655 428 1751 in
446 1674 627 1742 naturae
651 1679 829 1777 magna
855 1678 1006 1772 eaqve
1033 1670 1087 1738 ut
1111 1649 1345 1740 continua
1373 1647 1628 1744 decantata
1661 1675 1833 1745 catena
1856 1656 1929 1742 in-

137 1801 323 1929 dagare
338 1795 582 1912 articulos,
619 1795 881 1917 hocopus,
918 1789 1181 1903 hiclabor3
1218 1823 1420 1916 qvorum
1441 1827 1607 1888 veram
1637 1821 1929 1891 concatena-

135 1954 323 2042 tionem
342 1965 396 2035 ut
414 1946 777 2070 investigarent,
808 1939 970 2065 plures
998 1938 1233 2030 sudarunt
1255 1938 1449 2055 eruditi,
1487 1964 1536 2032 at
1561 1965 1675 2035 vota
1699 1977 1930 2070 spemqve

137 2098 357 2222 ipsorum
375 2074 687 2181 nihilominus
705 2090 954 2212 hucusqve
970 2082 1140 2178 fefellit
1155 2105 1368 2175 eventus.
1444 2087 1563 2208 Qvae
1589 2121 1698 2180 cum
1724 2095 1792 2183 ita
1816 2095 1925 2206 sint,

139 2240 511 2351 delineationes,
549 2267 701 2361 opera
719 2256 899 2324 natiuae
917 2232 1110 2354 objecta
1127 2251 1545 2355 representantes,
1576 2234 1661 2327 ubi
1687 2239 1836 2332 verba
1864 2233 1928 2326 ad

138 2423 258 2503 rem,
297 2384 358 2478 de
377 2416 470 2509 qva
486 2388 662 2513 agitur,
700 2376 1062 2507 exprimendam
1080 2400 1194 2491 apta
1221 2374 1573 2494 desiderantur,
1605 2405 1651 2473 et
1673 2386 1759 2474 ubi
1787 2382 1928 2473 natu-

138 2530 532 2661 rapolymorpha
546 2535 876 2657 systematicos
892 2530 945 2611 in
960 2529 1104 2613 tricas
1122 2525 1322 2642 conjicit
1348 2546 1429 2617 aut
1458 2521 1521 2615 ad
1542 2528 1714 2621 incitas
1737 2528 1924 2659 redigit,

143 2686 298 2773 vicem
311 2678 572 2773 verborum
591 2692 779 2802 gerunt,
818 2667 1118 2791 defectuiqve
1138 2672 1404 2793 systematis
1421 2680 1673 2765 medentur
1680 2712 1693 2790 ;
1729 2709 1929 2802 qvantm

144 2831 287 2920 etiam
313 2823 567 2916 utilitatem
593 2824 698 2945 ipse
722 2818 846 2909 bene
874 2817 1174 2941 perspiciens
1203 2847 1305 2907 non
1334 2820 1401 2907 ita
1424 2850 1606 2943 paucas
1636 2845 1928 2949 cunctasque

138 2971 202 3065 ad
215 2995 438 3065 naturam
458 2966 817 3094 diligentissime
838 2960 926 3053 sub
950 2958 1079 3053 lente
1102 2970 1306 3085 exaravi.
1374 2969 1528 3090 Atqve
1551 2966 1643 3061 lrac
1667 2975 1928 3064 occasione

137 3125 361 3215 omittere
386 3148 488 3207 non
509 3145 708 3239 possum
730 3131 884 3237 grates
912 3138 1043 3199 meas
1069 3139 1209 3233 agere
1232 3113 1350 3202 Viro
1386 3111 1785 3208 excellentissimo
1813 3116 1924 3209 Joh.

131 3269 381 3368 Bt‘tlowio,
417 3264 631 3352 Domino
653 3251 1069 3382 Sanderumgaard
1085 3258 1287 3373 Fioniae,
1329 3260 1463 3380 cujus
1487 3264 1716 3388 impensis
1733 3252 1928 3359 'exerci-

20 3408 21 3435 ¹
131 3416 349 3503 tationes
371 3409 482 3496 artis
504 3402 825 3495 delineatoriae
843 3405 893 3490 in
911 3399 1054 3493 horto
1076 3399 1308 3496 botanico
1328 3403 1582 3501 Hafniensi
1599 3413 1923 3527 instituuntur,

124 3553 319 3677 quibus
336 3551 568 3637 elementa
580 3546 853 3665 hujus‘artis
878 3543 1070 3639 edoceri
1086 3547 1286 3670 cupiens
1312 3550 1519 3638 subinde
1538 3555 1745 3645 interfui
1814 3553 1923 3648 illas

20 3706 21 3721 '
130 3724 259 3790 vero
282 3686 629 3779 delineationes
645 3689 732 3779 sub
751 3721 856 3780 mea
877 3695 1028 3823 ipsius
1047 3693 1350 3815 inspectione
1370 3695 1449 3780 aeri
1473 3690 1535 3784 ad
1559 3700 1785 3788 amussim
1802 3703 1925 3794 inci-

131 3839 212 3932 dit
230 3839 287 3928 0.
311 3836 368 3925 0.
388 3836 582 3960 Bngge,
617 3832 1012 3963 Chalcographus
1032 3833 1325 3954 Hafniensis,
1361 3870 1463 3931 non
1482 3837 1640 3932 solum
1663 3842 1727 3935 ob
1757 3869 1920 3965 artem,

129 4015 281 4111 qvam
303 4000 497 4071 strenua
520 4010 648 4073 nunc
671 4003 718 4071 et
735 3978 867 4074 felici
885 4017 1034 4076 manu
1062 4008 1269 4100 exercet,
1326 3985 1413 4077 sed
1450 3991 1594 4079 etiam
1634 3994 1697 4083 ob
1725 3990 1921 4114 litteras,

130 4129 309 4256 qvibus
331 4122 448 4215 olim
462 4129 667 4240 vacavit,
703 4124 1059 4223 laudatissimus
1071 4166 1084 4242 ;
1119 4136 1170 4220 in
1189 4132 1358 4255 qvibus
1377 4141 1456 4223 aeri
1474 4136 1767 4254 incidendis,
1802 4142 1924 4263 utin

129 4268 337 4368 Tabulis
355 4269 525 4362 eodem
544 4269 734 4388 ordine,
768 4306 862 4399 qvo
889 4278 941 4365 in
968 4309 1113 4403 opere
1140 4299 1419 4391 occurrunt,
1457 4277 1559 4370 aliae
1585 4279 1723 4399 alias,
1761 4289 1922 4411 qvoad

132 4421 235 4541 ejus
260 4418 365 4508 fieri
387 4439 572 4540 posset,
616 4424 915 4544 exciperent,
950 4453 1161 4546 operam
1179 4421 1299 4515 ‘dedi
1307 4459 1321 4535 3
1370 4406 1452 4515 tili
1477 4429 1621 4518 enim*
1636 4427 1922 4526 delineatio-

129 4596 250 4656 num
267 4564 388 4653 serie
409 4566 724 4685 conspectum
741 4562 1008 4658 faciliorem
1023 4565 1161 4661 reddi
1178 4572 1464 4685 existimavi,
1500 4588 1754 4701 earumque
1782 4579 1921 4704 plan-

128 4732 291 4801 tarum
313 4703 563 4798 affinitates
581 4730 628 4797 et
651 4705 1060 4806 dissimilitudines
1076 4712 1245 4806 melius
1267 4737 1375 4808 ante
1398 4716 1565 4811 oculos
1578 4731 1733 4845 poni.'

268 4848 415 4942 Haud
433 4884 542 4941 raro
569 4853 769 4979 accidit,
805 4880 859 4948 ut
873 4855 1136 4951 litterarum
1157 4859 1298 4952 rudes
1321 4860 1493 4990 aliiqve
1522 4866 1763 4961 interdum
1789 4871 1916 4987 talia,

130 5035 239 5129 qvae
258 5001 388 5093 circa
406 4995 597 5120 plantas
623 5022 723 5097 tam
749 5007 957 5099 minutas
991 5027 1039 5099 et
1062 5005 1161 5101 fere
1187 5028 1451 5104 contemtas
1472 5037 1742 5135 versantur,
1774 5051 1920 5113 cona-

1457 5177 1521 5263 (⁰)
