4772 6106
659 519 733 601 174
1033 503 1204 586 sueno
1233 502 1449 597 QVARTA·
1507 501 1760 581 ZYGNEMA·

651 713 776 782 DESC.
830 715 958 803 Caespes
981 710 1119 787 densus,
1152 709 1337 787 intricatus,
1365 705 1531 793 lubricus,
1564 732 1655 800 aqvas
1681 709 1869 801 superficiei
1897 711 2058 789 watann
2110 719 2183 785 Fila

736 817 898 909 simplicia
905 866 923 898 ,.
943 814 1060 907 capilli
1079 814 1214 887 humaui
1234 813 1398 893 crassitie,
1420 811 1627 896 longissima,
1651 812 1996 891 flexuoso-intricata.
2042 820 2184 893 Articuli

618 956 623 971 ·
737 923 898 1001 diametro
917 918 1039 1011 2-3plo
1064 917 1248 1003 longiores,
1271 915 1410 1001 gremiis
1433 920 1468 983 in
1482 919 1606 1009 spiram
1621 918 1805 1010 simplicem
1828 920 1988 1015 disposita
2008 928 2183 992 eontinen-
2230 908 2231 915 ἵ

736 1046 794 1093 tes.
842 1023 1002 1093 Genicula
1016 1024 1174 1105 obscura,
1197 1020 1283 1089 linei
1298 1019 1395 1089 soliti
1411 1021 1618 1090 transversali
1633 1041 1760 1106 uotam,
1792 1051 1864 1118 qvae
1882 1046 1991 1095 tamen
2011 1029 2099 1096 linea
2121 1031 2182 1096 sub

736 1130 944 1221 copulatione
961 1153 1047 1218 saepe
1064 1128 1241 1205 evanescit,
1263 1128 1301 1191 in
1324 1143 1545 1211 tegumentum
1559 1129 1696 1195 'seminis
1719 1131 1790 1195 sine
1811 1131 1914 1199 (lisbio
1937 1134 2060 1201 abiens.
2108 1138 2182 1200 Tu·
2205 1188 2209 1195 .

733 1234 804 1301 buli
820 1232 1048 1299 transversales
1062 1233 1263 1321 brevissimi,
1288 1256 1327 1296 ex
1340 1229 1475 1315 singulis
1493 1232 1661 1326 utriusque
1675 1232 1819 1324 copulati
1833 1236 1882 1303 fili
1897 1237 2182 1337 articulisexeun-

737 1356 800 1417 tes,
824 1356 856 1403 et
871 1336 979 1403 medio
997 1338 1115 1427 pervii.
1163 1336 1293 1405 Semina
1314 1352 1426 1415 ovata,
1447 1327 1606 1425 ¹uirinqve
1626 1338 1797 1411 subacuta,
1821 1341 1911 1408 susce
1931 1340 1984 1410 vel
2001 1340 2182 1410 flavescen-

736 1443 796 1521 tia,
819 1466 837 1506 e
855 1440 997 1527 granulis
1019 1443 1188 1532 utriusque
1209 1439 1257 1533 fili
1271 1440 1470 1539 coacervatis
1490 1440 1685 1523 constituta,
1712 1443 1750 1511 in
1766 1443 1829 1513 alic
1851 1446 1985 1513 filorum
2006 1446 2182 1539 copulato·

733 1570 807 1610 rum
827 1544 1019 1625 nidulantia,
1046 1545 1127 1610 adeo
1147 1563 1182 1611 ut
1198 1543 1288 1613 aliud
1303 1543 1396 1610 filum
1410 1568 1549 1611 vacuum
1561 1542 1687 1609 evadat.
1736 1546 1838 1613 Color
1856 1548 2094 1630 ssavo-viridis,
2119 1553 2180 1617 sub

734 1648 944 1741 copulatione
966 1648 1101 1714 sordide
1119 1651 1293 1717 virescens.
1336 1649 1523 1717 Substantia
1545 1649 1693 1740 primum
1710 1647 1855 1731 lubrica,
1884 1675 2032 1736 mucosa,
2061 1655 2180 1721 deinde

733 1764 810 1849 post
834 1753 1076 1846 copulationem
1100 1754 1256 1843 crispata,
1288 1753 1430 1839 fragilis,
1461 1753 1659 1823 lubricitatis
1681 1778 1809 1845 expers.
1862 1759 1992 1823 Annua.
2043 1758 2133 1839 Vere,
2150 1775 2182 1824 et

733 1876 851 1924 estate.
898 1858 1027 1923 Chartae
1042 1856 1204 1937 adhaeret,
1228 1875 1304 1947 post
1319 1857 1563 1952 copulationem
1583 1858 1688 1927 laxius
1703 1858 1860 1926 adhaeret.

649 2024 741 2091 OBS.
788 2024 885 2115 Spira
899 2021 1056 2113 simplex,
1088 2023 1152 2113 qvi
1175 2021 1317 2107 gaudent
1342 2022 1490 2103 articuli,
1516 2028 1661 2115 speciem
1684 2025 1801 2093 litterae
1824 2026 1865 2093 V.
1891 2023 2016 2116 pluries
2037 2028 2182 2123 repetitas

734 2152 803 2222 pree
820 2155 854 2195 se
874 2118 955 2208 fert,
978 2125 1065 2191 unde
1080 2150 1200 2191 nomen
1214 2127 1460 2192 Miillerianum.
1509 2128 1563 2195 Ad
1586 2130 1671 2195 hanc
1692 2132 1836 2221 speeiem
1857 2131 1927 2195 sine
1950 2129 2052 2197 dubio
2074 2132 2182 2220 perti-

735 2253 815 2301 nent
832 2234 1022 2323 Conjngota
1039 2231 1240 2297 condensata
1256 2250 1287 2297 et
1302 2232 1425 2324 inflata
1444 2231 1484 2300 V
1479 2235 1579 2298 aucis.
1605 2232 1804 2322 (Zygnema
1822 2233 2062 2299 condensatum
2077 2251 2110 2299 et
2124 2237 2180 2299 in-

724 2337 856 2431 flatum
869 2338 961 2426 Ag.)
985 2371 1026 2387 -
1049 2336 1178 2427 Caespes
1194 2336 1291 2422 hujus
1304 2338 1423 2428 speciei
1440 2361 1554 2404 recens
1569 2362 1609 2403 ex
1626 2361 1707 2428 aqva
1723 2355 1906 2419 estractus,
1932 2344 2025 2424 cnjus
2040 2339 2093 2405 fila
2107 2341 2181 2431 spi-

733 2444 778 2507 ris
794 2445 860 2508 suis
876 2442 1078 2508 nitidissimis
1102 2443 1211 2508 omnia
1227 2443 1333 2534 probe
1354 2459 1448 2507 erant
1472 2460 1605 2520 ornata,
1630 2444 1664 2506 in
1685 2466 1759 2507 vase
1779 2444 1885 2510 vitreo
1908 2444 1991 2532 aqvi
2015 2446 2101 2533 puri
2122 2468 2180 2508 rc-

731 2545 822 2643 pleto
839 2571 900 2639 por
917 2546 1042 2639 aliqvot
1057 2545 1126 2612 dics
1143 2545 1320 2636 aliqvando
1338 2564 1483 2613 servatus
1498 2546 1577 2627 fuit,
1602 2548 1645 2610 ita
1661 2564 1787 2631 umen,
1813 2564 1855 2611 ut
1867 2545 1929 2612 soli
1945 2546 2128 2617 meridiano
2142 2548 2179 2613 in

682 2652 687 2659 ’
732 2646 875 2717 lenestra
889 2638 974 2718 forte
993 2642 1125 2739 fortuna
1140 2654 1306 2742 expositus
1323 2647 1417 2741 esset.
1464 2648 1603 2741 Aliqvot
1618 2651 1733 2718 diebus
1747 2652 1944 2743 interjectis,
1966 2674 2042 2717 cum
2060 2649 2115 2716 filu
2136 2650 2180 2719 ad

732 2754 855 2823 lentem
870 2759 990 2824 iterum
1004 2754 1214 2825 considerare
1227 2757 1262 2822 in
1277 2770 1420 2822 mentem
1430 2756 1592 2835 venisset,
1618 2759 1728 2823 omnia
1743 2779 1893 2841 magnam
1916 2757 2053 2823 subiisse
2071 2774 2181 2822 muta-

734 2864 861 2929 tionem
876 2865 1067 2945 observavi3
1091 2863 1187 2953 spirae
1202 2861 1336 2951 qvidem
1357 2860 1526 2928 nonnulla
1552 2864 1586 2926 in
1612 2861 1757 2927 articulis
1778 2861 1834 2927 hic
1856 2861 1926 2928 illie
1947 2878 2180 2943 remanserant,

734 2991 874 3058 qvarum
896 2993 960 3060 ope
976 2966 1124 3060 plantam
1143 2989 1250 3031 meam
1274 2986 1452 3049 agnoscere
1477 2967 1654 3030 etiamnum
1678 2966 1773 3057 potui
1781 2991 1792 3047 3
1817 2964 1876 3032 sed
1900 2982 2045 3030 ceterum
2067 2966 2180 3032 eadem

735 3078 801 3160 jam
813 3076 973 3164 crispata,
997 3070 1193 3138 lubricitatis
1208 3087 1243 3135 et
1255 3072 1373 3135 nitoris
1391 3071 1556 3160 expertia,
1583 3070 1742 3152 flaccida,
1763 3086 1796 3136 et
1812 3072 1922 3137 omnia
1945 3069 2014 3135 sere
2028 3070 2180 3161 copulata

734 3178 949 3244 mirabundus
970 3179 1098 3257 inveni3
1133 3173 1237 3266 qvalis
1262 3197 1349 3237 nunc
1373 3173 1473 3239 suerit
1492 3172 1625 3239 filorum
1649 3174 1814 3254 conditio,
1847 3173 1974 3240 facilius
1998 3193 2031 3240 et
2052 3175 2179 3253 melius,

633 3306 637 3321 ·
733 3302 771 3350 ut
788 3287 920 3375 opinor,
942 3308 985 3347 er
1000 3278 1218 3347 delineatione
1232 3294 1384 3349 accurata
1398 3277 1474 3367 (cfr.
1493 3279 1577 3349 Tab·
1596 3288 1648 3354 59.
1666 3278 1710 3342 D.
1730 3291 1761 3350 3.
1778 3278 1836 3362 4.),
1861 3301 1959 3370 qvam
1973 3302 2017 3343 er
2027 3278 2179 3368 descrip-

734 3391 823 3456 tione
835 3388 1001 3455 suceincta
1015 3376 1151 3477 patebit.
1194 3383 1260 3449 Has
1275 3399 1384 3446 antem
1400 3383 1553 3448 minutias
1567 3381 1656 3447 hunc
1671 3383 1706 3446 in
1723 3381 1823 3447 linem
1844 3382 1899 3446 hic
1923 3381 2029 3464 tetigi,
2055 3397 2107 3459 nt,
2130 3383 2177 3446 si·

733 3497 805 3586 qvis
822 3493 1039 3582 Zygncmatc
1055 3492 1090 3554 in
1106 3483 1316 3578 copulatione
1331 3486 1444 3549 videre
1459 3503 1613 3573 cuperet,
1636 3486 1694 3552 tali
1709 3485 1825 3565 modo,
1851 3484 1950 3576 idqve
1972 3482 2060 3550 facili
2073 3507 2179 3568 nego·

734 3600 779 3665 tio
799 3616 831 3663 et
845 3601 916 3667 sine
932 3596 1066 3662 tediosa
1080 3591 1133 3661 vel
1149 3614 1236 3685 saepe
1253 3589 1437 3654 frustranea
1453 3589 1488 3652 in
1505 3586 1599 3652 fossis
1617 3593 1802 3677 stagnisque
1818 3589 2084 3670 investigatione,
2112 3589 2182 3653 voti

732 3727 869 3793 compos
893 3702 996 3767 fieret.
1050 3698 1342 3789 Experimentum,
1366 3686 1425 3758 tali
1446 3691 1550 3765 modo
1574 3688 1767 3783 simpliciter
1786 3690 1987 3769 institutum,
2010 3705 2090 3767 voto
2110 3713 2183 3759 ces-

734 3830 848 3873 surum
870 3831 957 3885 csse,
986 3805 1041 3873 vix
1064 3820 1130 3885 est,
1163 3800 1254 3893 qvod
1278 3800 1447 3873 dubitemt
1481 3797 1591 3867 calore
1614 3799 1703 3865 enim
1722 3781 1858 3879 majori,
1887 3795 1987 3865 radiis
2011 3794 2090 3862 solis
2113 3812 2183 3860 arte

736 3907 981 4000 qvedammodo
995 3908 1147 3973 immissis
1162 3906 1296 3984 effecto,
1321 3903 1491 3969 maturitas
1508 3900 1641 3968 filorum
1656 3898 1775 3989 procul
1790 3898 1892 3965 dubio
1910 3896 2118 3967 acceleratur.
2140 3933 2183 3951 -

736 4014 883 4081 Varietas
896 4042 931 4095 γ.
948 4014 1002 4078 vix
1019 4011 1172 4077 distincta
1187 4011 1331 4101 speciem
1355 4031 1433 4079 nam
1445 4008 1480 4077 in
1496 4028 1563 4085 uno
1579 4002 1759 4089 eodemqve
1775 4001 1833 4071 fito
1854 4003 1986 4083 articuli
2004 4002 2182 4075 admodum

737 4114 929 4196 variabiles,
950 4140 1038 4182 nunc
1051 4116 1238 4195 breviores,
1262 4136 1351 4178 nune
1366 4109 1532 4192 longiores
1549 4106 1777 4172 observantur.

407 4370 497 4440 Tab.
517 4373 576 4451 60
676 4369 710 4443 7.
763 4361 804 4434 Ζ.
823 4360 1104 4457 &punctatum
1137 4360 1205 4432 filis
1225 4353 1466 4448 simplicibus,
1490 4314 1654 4439 lubricis,
1680 4353 1826 4419 demum
1846 4347 2064 4443 conjugatis3
2087 4353 2178 4420 arti-

604 4496 693 4567 culis
711 4497 887 4570 diamctro
902 4498 987 4589 Qplo
1001 4496 1242 4588 longioribus,
1266 4490 1504 4585 bipunctatis,
1528 4487 1671 4580 punctis
1691 4481 1848 4552 meevrias
1867 4479 2097 4555 stelliformes
2111 4507 2177 4555 re·-

605 4630 805 4704 ferentibus
816 4658 828 4725 3
848 4631 1046 4721 seminibus
1066 4629 1302 4735 subglcbcsis.
1324 4723 1330 4737 ἲ

659 4793 662 4799 ’
740 4808 888 4879 Conferre
906 4809 1076 4878 htpuncsanr
1102 4769 1186 4865 Rcslr.
1203 4808 1267 4863 Cae
1287 4805 1344 4865 bct.
1365 4823 1389 4877 a,
1404 4821 1438 4926 p,
1457 4809 1517 4875 act,
1539 4748 1603 4861 Cat.¹
1619 4798 1676 4859 bot
1695 4809 1721 4867 ὅ.
1739 4817 1767 4875 ρ.
1788 4799 1848 4869 267·
1867 4830 1894 4851 a·
1910 4797 2004 4859 Distu.
2018 4796 2090 4865 Tala
2111 4814 2133 4848 a
2151 4808 2181 4850 st

801 4874 906 4929 lotrod.
925 4894 953 4996 p
974 4888 1009 4939 5⁰
1034 4886 1062 4924 ..¹
1080 4876 1162 4932 st.
1182 4874 1210 4930 'ee
1229 4874 1314 4931 Mohr
1335 4870 1384 4929 Gr.
1430 4868 1492 4926 oni'
1506 4869 1579 4924 Ταῦ.
1599 4887 1623 4923 a.
1645 4899 1673 4914 -
1691 4866 1785 4922 Wahl.
1799 4866 1825 4924 ll.
1840 4869 1913 4943 lapp.
1940 4887 1969 4920 n.
1988 4864 2176 4938 987···E¹¹8l·

803 4942 859 4997 bot·
885 4944 926 4997 Tr
947 4981 955 4997 .
979 4947 1051 5008 1516.

756 5089 784 5109 .
815 5057 935 5109 ssslltna
953 5055 1031 5112 Mill.
1050 5054 1123 5110 Nos·
1144 5053 1202 5108 Act.
1218 5053 1326 5127 Petrcp.
1347 5067 1373 5123 3,
1392 5070 1420 5126 p.
1441 5061 1483 5124 93.
1502 5050 1573 5108 Tit.
1594 5068 1618 5106 a.
1636 5048 1684 5123 lig.
1706 5069 1729 5105 ι.
1747 5083 1776 5100 -
1793 5048 1919 5123 Decand.
1941 5046 1970 5104 fl.
1990 5046 2022 5106 fr.
2043 5064 2069 5112 s,
2086 5065 2114 5119 p.
2133 5043 2176 5113 56.

756 5198 785 5219 -
818 5177 948 5227 crustata
965 5168 1090 5227 Dscsni
1112 5166 1142 5226 fl.
1161 5166 1195 5223 [ι.
1210 5185 1237 5230 a,
1258 5186 1286 5242 p.
1305 5171 1349 5236 56,

1103 5262 1110 5293 ι
