4772 6106
1080 479 1253 554 SECTIO
1278 470 1472 549 ΤΕΒἹῚΑ.
1523 470 1836 548 HUTGHINSIA.

793 715 863 764 tum
885 698 973 778 juxta
996 685 1163 777 exemplar
1183 687 1377 766 Feruense,
1402 672 1512 773 aliquo
1534 699 1683 771 tempore
1709 684 1886 762 siccatum,
1910 686 2073 776 adposui3
2095 684 2135 750 in'
2150 709 2239 752 non-

792 800 893 867 nullis
916 814 1003 864 certe
1025 789 1206 857 individuis
1234 789 1456 884 Fionensibus
1480 783 1679 876 corpuscula
1700 785 1770 851 vidi
1798 788 2007 856 subrutunda
2036 790 2240 872 nigricantia,

792 897 1091 998 pedunculo'tenui
1109 897 1248 962 incurvo
1262 893 1413 972 suffulta,
1437 915 1527 955 nunc
1543 906 1660 969 erecta,
1685 915 1773 955 nunc
1787 892 1944 981 pendula,
1968 918 2061 958 ramo
2078 893 2238 982 primario

792 1012 917 1103 pariter
934 1022 1029 1092 atqve
1042 999 1178 1064 ramulis
1193 999 1287 1063 affixa
1304 997 1392 1084 (vide
1407 997 1491 1059 Tab.
1506 1004 1558 1066 36.
1574 993 1620 1059 Α.
1638 993 1702 1078 4.),
1728 1019 1798 1084 qvae
1819 996 1953 1087 quidem
1980 1001 2090 1086 primo
2118 998 2238 1061 intuitu

793 1108 1003 1202 capsularum
1019 1106 1164 1194 speciem
1180 1128 1249 1194 prae
1265 1123 1302 1166 se
1318 1101 1485 1177 serebant,
1508 1115 1558 1176 at,
1582 1097 1781 1183 diligentiori
1797 1103 1943 1165 examine
1967 1103 2137 1179 instituto,
2163 1124 2239 1165 cum

793 1215 908 1282 eadem
920 1229 984 1275 tam
999 1212 1034 1272 in
1052 1207 1208 1272 Ceruario
1223 1206 1394 1291 displiceo
1409 1219 1442 1267 et
1455 1203 1641 1289 Gigartina
1654 1204 1760 1267 viridi
1781 1229 1799 1268 e
1814 1207 1948 1285 Fionia,
1972 1228 2070 1294 qvam
2090 1206 2125 1266 in
2139 1204 2237 1268 Het-

793 1319 924 1385 chinaiu
939 1312 1141 1378 urceolatae
1157 1310 1271 1374 Faeroa
1287 1307 1464 1385 vidissem,
1488 1330 1553 1394 pro
1568 1305 1794 1388 heterogeneis
1809 1311 1925 1374 merito
1941 1308 2052 1393 hahui3¹
2077 1324 2156 1371 sunt
2170 1309 2238 1372 ista

793 1416 992 1511 corpuscula
1015 1417 1103 1489 intus
1126 1411 1433 1491 cava,me1nbrani
1459 1412 1567 1488 tenui,
1583 1411 1717 1486 ¹tenaci,
1741 1415 1842 1499 opaci
1863 1429 2070 1490 constructa,
2096 1410 2241 1475 distenta

797 1545 830 1592 et
845 1526 917 1589 sine
934 1521 1036 1586 dubio
1051 1527 1127 1582 ae're
1139 1512 1283 1605 repleta3
1306 1507 1468 1603 crepitant
1482 1515 1570 1577 enim
1589 1513 1653 1577 sub
1670 1514 1862 1601 pressione3
1886 1515 2001 1579 forsan
2017 1512 2239 1578 habitaculum

793 1628 965 1714 cujusdam
986 1619 1183 1688 animalculi·
1216 1651 1258 1668 ··
1280 1621 1430 1711 Deniqve
1453 1619 1563 1709 apices
1584 1614 1790 1686 ramulorum
1815 1617 1913 1702 hujus
1937 1619 2058 1707 speciei
2080 1641 2238 1686 nonnun—

796 1756 910 1822 quam,
935 1747 968 1794 at
984 1750 1079 1806 raro,
1105 1721 1272 1789 fibritlosi.

459 2010 552 2095 'ffi-
568 2010 632 2096 36,
733 2007 795 2079 14.
845 1999 898 2067 Η.
915 1991 1135 2086 Marsingi,
1167 1989 1299 2061 fronde
1321 1992 1581 2081 ramosissima,
1613 1988 1865 2086 rigidiuscula,
1895 1989 2099 2060 alternatim
2119 1988 2245 2080 bipin-

588 2210 596 2225 ‚
658 2143 761 2223 nata,
787 2129 959 2218 disticha3
983 2127 1093 2194 ramis
1114 2121 1333 2212 ramulisqva
1356 2125 1492 2214 densis,
1516 2124 1670 2215 patulis,
1704 2127 1855 2214 strictis,
1882 2122 2049 2216 alternis,
2082 2119 2245 2193 nticulis

661 2272 879 2340 diametrum
896 2257 1120 2351 longitudine
1138 2255 1372 2347 aeqvantibus.

681 2492 686 2501 ·
711 2466 868 2535 Habitat
880 2461 1022 2554 elegans
1033 2458 1114 2530 haec
1131 2461 1270 2553 species
1287 2459 1333 2527 ad
1347 2457 1447 2528 littus
1463 2458 1595 2553 Quivig
1609 2459 1775 2533 Strdmiie
1790 2468 1827 2529 et
1842 2459 1887 2527 ed
1901 2455 2003 2527 littus
2015 2454 2138 2527 Mdlen
2149 2478 2253 2548 pro-

662 2623 709 2693 pe
726 2599 819 2670 Eide
835 2588 987 2671 osterse
1003 2594 1141 2665 Faeroae
1157 2595 1197 2663 in
1213 2591 1338 2663 infimo
1357 2591 1519 2662 refluxus
1535 2592 1669 2683 limite,
1692 2594 1792 2664 haud
1805 2592 1984 2684 freqrens.
2203 2574 2209 2579 ’

708 2794 834 2864 DESC.
877 2790 983 2860 Radix
997 2793 1128 2876 exigua,
1147 2790 1330 2872 nigricans,
1356 2786 1496 2877 rupibus
1511 2782 1719 2872 agglutinata.
1766 2786 1921 2857 Frondes.
1932 2788 2093 2872 gregaria,
2116 2806 2253 2869 erectae,

793 2899 848 2964 vix
863 2895 1019 2988 pollicem
1033 2894 1139 2979 longae
1148 2940 1157 2972 ,
1180 2909 1282 2957 setam
1297 2891 1450 2980 eqvinam
1464 2891 1506 2956 ad
1521 2892 1617 2956 basin
1633 2913 1767 2970 crassae,
1792 2892 1913 2955 sensim
1928 2907 2116 2971 attenuatae,
2139 2891 2250 2959 alter-

792 3002 896 3067 natim
908 3002 1106 3091 bipinnatae,
1130 2995 1299 3076 disticha,
1322 2994 1405 3057 rami
1423 2992 1543 3078 singuli
1572 3019 1612 3059 ex
1630 2995 1745 3084 qvovis
1761 2992 1903 3059 articulo
1916 2992 2101 3059 alternatim
2115 3017 2250 3061 exeun-

794 3122 861 3184 tes,
890 3103 1014 3197 patuli,
1045 3102 1170 3181 stricti,
1202 3097 1375 3163 inferiores
1396 3095 1581 3180 longiores,
1612 3098 1740 3186 apicem
1761 3119 1884 3163 versus
1897 3098 2083 3177 breviores,
2104 3096 2252 3187 aliisqve

792 3208 978 3275 minorihus
993 3205 1109 3270 eadem
1122 3203 1253 3269 ratione
1265 3200 1434 3291 dispositis
1447 3199 1571 3265 obsessi
1579 3224 1590 3279 3
1611 3198 1733 3263 ramuli
1745 3199 1947 3277 brevissimi,
1969 3202 2084 3283 stricti,
2109 3198 2250 3280 alterni,

793 3311 909 3404 patuli,
933 3310 1100 3375 attenuati.
1145 3303 1288 3374 Articuli
1306 3303 1467 3369 dimetro
1480 3300 1649 3367 breviores
1664 3300 1716 3369 vel
1731 3300 1870 3366 eandem
1882 3299 2086 3384 longitudine
2103 3324 2251 3392 aeqvan-

792 3433 860 3495 tes,
883 3418 919 3480 in
934 3416 1059 3480 receuti
1074 3410 1162 3477 striis
1176 3408 1346 3488 cruciatis,
1371 3408 1407 3471 in
1422 3406 1540 3471 siccati
1553 3401 1844 3489 longitudiualibus
1852 3452 1862 3483 ,
1886 3404 1972 3468 binis
1989 3405 2129 3469 ternisve
2146 3428 2249 3471 eras-

794 3519 939 3584 sioribus
959 3512 1100 3606 pulchre
1117 3509 1210 3599 picti.
1263 3512 1405 3574 Fructus
1426 3507 1516 3567 latet.
1570 3508 1673 3574 Color
1698 3524 1839 3573 saturate
1871 3531 1994 3572 roseus.
2049 3506 2251 3573 Substantia

794 3618 1026 3705 cartilaginea,
1058 3632 1188 3691 tenera,
1220 3603 1443 3694 rigidiuscula.
1497 3606 1639 3674 Aestate.
1688 3607 1817 3673 charte
1838 3610 2000 3698 imprimis
2026 3609 2070 3673 ob
2090 3607 2254 3679 habitum

797 3723 978 3789 distichum
992 3723 1079 3786 hene
1092 3716 1249 3782 adheret.

711 3880 805 3949 0138.
850 3878 935 3944 Viro
957 3873 1231 3941 excellentissimo
1254 3868 1447 3939 JOANNI
1464 3866 1802 3939 SIEGISMUNDO
1821 3895 1844 3937 a
1866 3863 2099 3952 ΜόὁἮΝΟ,
2138 3895 2256 3962 auga-⁴

797 3981 938 4047 ctissime
963 3975 1045 4054 Regi
1071 3996 1089 4035 a
1111 3972 1255 4038 consiliis
1274 3973 1399 4039 intimis
1422 3990 1540 4050 status,
1565 3973 1733 4037 celsissimi
1757 3974 1883 4039 ordinis
1903 3973 2117 4065 Elephantini
2139 3981 2254 4065 eqviti

797 4096 932 4157 aurate,
955 4074 1198 4162 Daunebrogici
1210 4098 1326 4160 magua
1356 4098 1454 4141 cruce
1476 4074 1631 4158 insignito
1652 4080 1710 4141 &a
1734 4081 1792 4143 &u
1813 4075 1854 4142 de
1877 4101 1915 4143 re
1934 4075 2091 4144 litteraria
2112 4081 2252 4164 optime

796 4182 933 4261 merito,
956 4181 1009 4246 cui
1024 4181 1122 4246 etiam
1135 4179 1233 4263 hujus
1249 4179 1357 4268 operis
1374 4177 1478 4244 editio
1503 4178 1666 4269 imprimis
1683 4178 1839 4267 dffietur,
1861 4182 1947 4249 hanc
1961 4177 2120 4268 speciem,
2142 4202 2253 4266 sum.t

796 4288 868 4374 nt,
889 4309 953 4376 qva
965 4309 1027 4379 par
1042 4302 1105 4369 eat,
1129 4283 1313 4357 reverentii
1331 4277 1493 4354 dedicati.

1269 4592 1637 4623 -κ-ψ--ι-
