4812 6096
693 459 769 536 asc
1086 422 1263 521 'suono
1291 440 1490 535 ovacra:
1547 404 1784 523 nitrosas„

601 700 603 703 -
684 654 810 725 DESC.
853 653 925 723 Fila
941 653 1145 734 tenuissima,
1168 638 1370 722 oculonudo
1384 656 1614 747 inconspicua,
1634 658 1757 741 rigida,
1780 656 1890 751 plana,
1914 660 2066 753 hyalina3
2090 654 2219 748 deinde,

778 779 815 826 ut
827 760 1061 853 praecedcntis,
1090 758 1276 827 immediate
1289 758 1458 849 copulata,
1484 778 1516 825 et
1529 759 1715 827 alternatim
1734 763 1849 830 solnta.
1896 769 2039 835 Articuli
2062 768 2220 837 diametro

776 866 897 958 3-5plo
910 864 1094 951 longiores,
1116 863 1243 949 angulis
1258 862 1391 930 alternis
1405 863 1616 931 cohaerentes.
1662 868 1748 935 Vere
1767 885 1800 935 et
1815 886 1941 953 astate,
1971 873 2030 939 scd
2050 874 2140 941 nulla
2160 899 2221 941 co-

711 1012 714 1017 ,
779 973 838 1064 pia‘
865 969 940 1055 legi,

448 1218 539 1292 Tab.
556 1162 617 1299 61,
718 1222 753 1296 4
803 1214 855 1286 D.
865 1208 1123 1300 fenestratum
1128 1231 1144 1296 ,·
1168 1210 1237 1280 filis
1249 1182 1489 1301 simplicibus,
1514 1207 1648 1301 planis,
1667 1217 1814 1307 strictis,
1837 1218 2130 1313 flavescentibus3
2155 1246 2218 1291 ar-

482 1320 524 1388 E·
547 1329 583 1400 3·
645 1347 763 1422 ticulis
779 1348 956 1417 diametro
977 1341 1063 1435 4plo
1078 1343 1316 1437 longioribus,
1347 1346 1467 1415 medio
1488 1342 1599 1415 fascia
1621 1348 1850 1438 granuorum
1869 1354 2097 1428 namversali
2111 1364 2221 1425 nota·

646 1487 710 1575 tis,
735 1485 883 1553 demum
906 1476 1044 1549 solutis.
1066 1534 1070 1543 .

644 1668 659 1700 '³
700 1651 853 1722 Habitat
867 1651 906 1719 in
919 1643 1036 1719 rivulo
1052 1644 1182 1716 leniter
1196 1644 1331 1717 fluente
1352 1648 1399 1718 ad
1413 1648 1498 1720 Naes
1513 1649 1723 1748 Norregiae,
1747 1650 1934 1727 Conservis
1955 1658 2170 1729 immixtum.

691 1814 816 1884 DESC·
863 1808 936 1877 Fila
950 1807 1182 1887 minutissima,
1207 1807 1387 1899 simplicia,
1412 1812 1639 1897 flavescentia3
1671 1814 1800 1880 articuli
1821 1815 1996 1907 pellucidi,
2019 1817 2117 1883 nullis
2137 1816 2222 1885 striis

761 1912 1066 1992 'transversalibum
1095 1911 1153 1977 sed
1172 1908 1258 1977 linea
1280 1911 1511 1998 longitudinali
1532 1925 1574 1983 ad
1597 1921 1778 2003 marginem
1800 1937 1975 2011 utrumque
1994 1924 2161 2011 percussi,
2193 1938 2225 1987 et

779 2022 878 2097 fascia
896 2016 1109 2103 granulorum
1129 2017 1260 2081 circiter
1278 2020 1378 2084 trium
1399 2020 1622 2088 rotundorum
1643 2024 1752 2091 medio
1775 2027 1898 2105 nonai,
1927 2027 2019 2090 etita
2039 2025 2225 2090 immediate

779 2123 942 2217 copulati,
965 2138 1002 2186 ut
1017 2122 1076 2185 sub
1091 2118 1300 2211 copulatione
1314 2121 1400 2187 linea
1422 2123 1687 2213 longitudinalis,
1722 2152 1793 2217 qvoe
1813 2127 1896 2195 duos
1910 2128 2065 2196 articulos
2080 2133 2224 2214 conjunff

780 2230 844 2313 git,
870 2223 1096 2294 tantummodo
1111 2224 1320 2310 observetur,
1343 2225 1477 2299 demum
1492 2229 1618 2316 angulis
1638 2231 1822 2301 alternatim
1835 2231 1945 2301 soluti.
1992 2235 2134 2304 Aestate.
2261 2316 2265 2323 ι

917 2466 950 2499 **
991 2469 1217 2557 aquae-solete.

450 2623 541 2698 Tab.
559 2626 621 2708 625
724 2628 757 2703 5.
808 2621 859 2693 D.
873 2622 1082 2715 numinum,⁴
1107 2624 1175 2697 filis
1191 2627 1426 2720 simplicibus,
1451 2627 1585 2722 planis,
1606 2631 1820 2723 caespitosis,
1839 2627 2130 2722 flavescentibus3
2155 2606 2220 2698 ar-

646 2738 764 2830 ticulis
780 2742 956 2830 diametro
971 2759 1330 2856 sesqvilongioribus,
1362 2766 1593 2837 transversim
1611 2765 1824 2861 granulosis.

779 2925 922 2978 Diatoma
935 2923 1130 2995 flosculorum
1146 2923 1274 2981 Dacand.
1294 2925 1322 2980 ss.
1340 2926 1374 2981 fr.
1395 2945 1427 2991 a,
1447 2948 1477 3002 p.
1497 2937 1540 3002 49.
1560 2944 1588 2983 et
1604 2929 1669 3002 Syn.
1688 2947 1716 3002 p.
1739 2928 1791 2983 to?

648 3063 801 3136 Habitat
815 3066 861 3136 ad
872 3063 995 3137 littora
1010 3067 1234 3157 Faeroensia,
1260 3068 1421 3159 apicibus
1435 3068 1663 3141 Hutchinsiae
1679 3069 1873 3141 urceolatae
1894 3080 1931 3140 et
1948 3069 2138 3143 Consertae
2157 3090 2227 3153 ru·⁴

649 3203 780 3292 postris
793 3203 967 3291 insidens,
990 3205 1134 3297 passim.
1176 3203 1296 3274 Etiam
1311 3204 1358 3273 ad
1372 3201 1473 3274 littus
1490 3204 1641 3276 Srinder
1653 3228 1769 3297 prope
1784 3205 1994 3276 Liudesnaes
2010 3204 2212 3293 Nortegiae.

695 3390 821 3460 DESC.
866 3394 1020 3485 Caespitas
1034 3393 1173 3472 minuti,
1195 3390 1396 3459 semilineam
1410 3392 1485 3474 alti,
1508 3392 1609 3474 fusci,
1635 3394 1784 3485 apicibus
1798 3391 2036 3460 Conseruarum
2054 3388 2227 3482 parasitice

780 3495 970 3564 insidentes.
1021 3497 1093 3563 Fila
1107 3495 1208 3564 dense
1225 3512 1411 3581 aggregata,
1435 3497 1641 3574 tenuissima,
1667 3499 1835 3576 intricata,
1858 3494 2037 3585 simplicia,
2061 3492 2229 3591 interdum

781 3603 950 3669 tamemob
970 3604 1094 3669 variam
1108 3600 1323 3668 articulorum
1337 3599 1535 3667 solutionem
1548 3623 1677 3666 ramosa
1699 3601 1900 3689 apparentia.
1945 3596 2087 3664 Articuli
2105 3596 2232 3661 diame-

783 3724 836 3776 tro
851 3706 1009 3797 aeqvales,
1033 3703 1084 3772 vel
1106 3705 1243 3771 eandem
1265 3703 1473 3788 longitudine
1490 3703 1569 3794 Qplo
1592 3721 1802 3796 superantes,
1831 3698 1973 3787 manalis
1994 3704 2096 3769 ovatis
2122 3718 2231 3766 trans-

781 3809 980 3889 versalibus,
1009 3808 1119 3877 medio
1141 3813 1282 3900 spatium
1300 3807 1506 3897 pellucidum
1527 3807 1806 3899 relinquentibus,
1838 3810 1959 3888 notati3
1988 3832 2101 3873 omnes
2122 3803 2233 3888 anguli

781 3913 966 3979 alternatim
987 3913 1095 3979 soluti.
1142 3914 1244 3980 Color
1266 3913 1407 4001 caespitis
1428 3915 1568 3978 recentis
1593 3913 1720 3990 luscus,
1751 3913 1862 3976 siccati
1882 3914 2067 3994 messena,
2097 3909 2230 3977 filorum

784 4019 846 4083 sub
859 4016 947 4081 lente
962 4016 1077 4085 llasns.
1120 4021 1262 4085 Aestate.
1309 4017 1440 4083 Charta
1463 4014 1535 4078 laxe
1550 4013 1705 4078 adhaeret.

697 4164 792 4234 oBs.
833 4167 872 4233 In
893 4185 977 4234 statu
992 4171 1111 4237 siccato
1126 4170 1229 4236 refert
1243 4167 1376 4258 quidem
1398 4163 1656 4230 Oscillotoriom
1673 4163 1849 4231 Mucorem
1862 4166 1934 4255 Ag.
1941 4192 1953 4245 ς
1981 4162 2040 4229 sed
2059 4163 2120 4228 sub
2141 4161 2231 4229 lente

784 4272 989 4353 considerata
1004 4276 1044 4339 ab
1061 4299 1097 4338 ea
1114 4272 1302 4357 longissime
1317 4268 1460 4349 recedit3
1484 4292 1502 4332 a
1520 4267 1906 4360 Diatomateflocculoao
1921 4270 2042 4358 partim
2058 4268 2102 4334 ob
2117 4266 2229 4334 locmn

783 4378 942 4457 natalem,
966 4381 1088 4470 partim
1103 4377 1359 4445 obstructurum
1375 4378 1538 4440 internam
1553 4374 1689 4454 merito,
1713 4391 1750 4438 ut
1762 4372 1906 4447 videtur,
1932 4369 2159 4455 distinguitur,
2182 4370 2229 4437 li·
2250 4392 2254 4401 “

786 4501 838 4551 cet
856 4483 973 4569 Angli,
1005 4500 1044 4548 ut
1065 4506 1105 4551 ex
1119 4483 1353 4575 speciminibus
1371 4478 1477 4548 missis
1501 4477 1588 4561 vidi,
1618 4496 1788 4569 utramque
1807 4477 1949 4569 speciem
1969 4475 2147 4543 identicam
2165 4476 2232 4541 ha·

784 4587 895 4653 beant.

359 4792 365 4817 t
455 4829 547 4902 Τὼ·
564 4832 624 4913 62·
715 4824 762 4901 6·
811 4820 862 4891 D.
878 4828 1076 4886 arcuatum
1081 4840 1099 4904 5
1130 4818 1198 4889 filis
1216 4820 1453 4913 simplicibus,
1484 4819 1616 4912 planis,
1635 4816 1820 4910 'arcuatis,
1836 4808 2118 4891 'flavescentibus'
2125 4844 2135 4909 3
2162 4840 2226 4888 ar-
2268 4816 2283 4887 l

652 4944 772 5027 ticnlis
794 4954 1010 5023 diametrum
1028 4950 1253 5045 longitudine
1274 4958 1513 5049 oequntibus,
1540 4959 1773 5031 transversim
1795 4959 1946 5046 strictis,
1970 4965 2054 5047 post
2076 4950 2228 5044 copula-

652 5092 788 5164 tionem
803 5086 1079 5161 subalternatim
1091 5086 1243 5159 solutis..
2196 5106 2202 5117 ·
