4812 6096
611 374 793 518 samio
810 437 1015 532 cunm.
1059 435 1386 516 'macunen
1660 454 1744 531 m

292 663 328 736 3.
376 650 426 725 F.
444 653 710 749 αηίριιποίαίαῑ
743 651 810 724 filis
825 650 1068 744 simplicibus,
1099 655 1287 744 convexis,
1301 653 1545 746 ‹cryauttinn
1568 653 1799 752 flagillimis3
1816 660 1993 750 33ngss
2067 624 2069 629 Ι
2145 702 2153 718 ,

217 786 375 860 articulis
393 789 606 861 diametrum
616 788 848 882 longitudine
864 788 1104 880 aeqvanb‘btn,
1126 790 1255 859 tmedio
1270 798 1414 880 nuncto
1428 812 1586 860 rosaceo
1593 793 1746 867 metatis.

267 955 421 1027 Habitat
440 970 523 1029 ante
543 960 673 1031 catium
694 953 990 1050 ainusgilxefiord
1010 955 1202 1055 Norvegiae
1223 955 1798 1049 in.Ectorarposilj.u102001fi,.

203 1113 300 1184 φα,
323 1090 386 1161 hic
406 1089 480 1161 illic
495 1093 749 1184 copiosissime.

257 1276 382 1345 DESC.
427 1277 501 1344 Fila
518 1279 698 1373 simplicia,
722 1283 877 1372 utrinqne
895 1302 1016 1371 parum
1031 1303 1193 1362 convexa,
1219 1281 1358 1348 maxime
1378 1276 1523 1364 fragilia,
1554 1281 1636 1350 adeo
1652 1300 1689 1348 ut
1701 1282 1799 1350 filum

343 1386 539 1452 continuum
558 1389 614 1455 v'ix
636 1388 672 1453 in
695 1402 909 1477 conspectum
927 1385 1055 1467 veniat3
1087 1384 1218 1452 articuli
1243 1410 1341 1467 vero,
1373 1383 1529 1451 facillime
1547 1386 1740 1454 secedentes
1763 1406 1796 1454 et

342 1504 422 1579 post
436 1487 686 1559 dissolutionem
699 1491 734 1558 in
755 1514 838 1581 aqva
853 1488 957 1556 libere
972 1489 1185 1565 fluctuantes,
1210 1492 1332 1556 mirum
1351 1490 1387 1555 in
1401 1487 1539 1554 modum
1553 1513 1588 1555 se
1609 1491 1729 1557 iterum
1744 1476 1796 1557 ciss

344 1592 721 1680 tissime-agglutinantes
742 1596 884 1662 invicem
898 1593 1087 1685 promiscue
1108 1593 1293 1675 cohaerent,
1320 1593 1408 1658 binc
1430 1590 1644 1659 articulorum
1665 1596 1796 1662 vicino-

342 1720 419 1764 rum
434 1698 744 1767 diversaintcrdnm
754 1697 906 1765 latitudo.
954 1695 1097 1765 Articuli
1120 1696 1281 1767 diametro
1303 1695 1522 1786 subaequales,
1552 1715 1677 1787 puncto
1690 1722 1795 1771 ‚rosa-

343 1827 402 1869 cco
419 1804 529 1872 medio
540 1806 640 1896 picti,
663 1822 695 1871 et
709 1806 798 1871 striis
812 1800 1084 1869 transversalibus
1100 1800 1300 1868 densissimis
1315 1801 1466 1890 abruptis
1480 1800 1533 1867 vel
1552 1801 1661 1868 medio
1675 1827 1796 1870 evane-

342 1909 506 1975 scentibus
521 1909 643 1988 notati,
664 1925 810 1974 ceterum
823 1906 960 1998 hyalini.
1007 1905 1172 1971 Punctum
1184 1926 1355 1973 rosaceum
1380 1903 1525 1970 centrale
1541 1905 1650 1971 medio
1666 1923 1702 1970 ut
1715 1905 1795 1995 plu,-

343 2015 464 2083 rimam
480 2011 694 2103 pellucidum.
737 2014 884 2080 ¹Aestate.

261 2177 352 2245 OBS.
398 2180 477 2245 Post
490 2178 757 2257 exsiccationem,
782 2174 840 2239 nbi
854 2169 980 2237 scilieet
994 2166 1030 2231 in
1047 2167 1143 2257 copia
1157 2164 1266 2245 adest,
1290 2180 1434 2231 crustam
1447 2163 1555 2232 albam
1570 2166 1796 2258 crystallisan.

348 2301 411 2352 tem
425 2283 617 2377 pruinosam
630 2281 753 2364 refert,
776 2275 916 2374 plantae,
942 2274 996 2340 cui
1012 2271 1187 2365 parasitica
1208 2267 1330 2337 insidet
1339 2318 1351 2349 ,
1376 2267 1611 2338 adherentem.

288 2602 325 2676 4
376 2594 424 2664 Ρ.
446 2589 646 2675 emacula,-
667 2587 745 2656 ‘fitis
767 2583 1008 2674 simplicrbus,
1039 2577 1177 2672 plania,
1195 2578 1468 2652 flavescentibus
1480 2604 1493 2675 ς
1517 2582 1679 2657 cucutia
1697 2585 1791 2658 bre·
1814 2589 1910 2664 Τὼ.
1928 2594 1992 2676 63.

212 2727 387 2816 ¹cissimis,
409 2724 641 2796 transversim
656 2720 808 2808 att-ictis,
828 2715 1013 2788 interdum
1027 2711 1164 2784 solutis.

348 2901 498 2975 constrata
517 2896 655 2956 striatula
672 2893 752 2967 Engl.
770 2891 918 2985 bceGTab.
943 2887 1032 2964 ¹928?
1048 2915 1092 2973 -·
1106 2890 1201 2949 Dillw.
1219 2889 1327 2949 lntrod.
1345 2910 1374 2947 n.
1388 2901 1433 2962 45.

207 3084 367 3156 Habitat
387 3080 437 3151 ad
450 3076 582 3151 ,littora
607 3075 828 3163 Parmensis,
852 3080 895 3141 ut
918 3070 965 3140 ad
989 3068 1181 3163 Famiijan,
1206 3070 1386 3164 Sumbiie,
1413 3070 1621 3167 Kirkcbiie,
1639 3075 1795 3180 Eldevig

212 3215 300 3309 isc,
324 3216 459 3310 partim
472 3215 568 3282 saxia
582 3212 621 3280 in
636 3231 778 3279 summo
791 3205 953 3276 refluxus
975 3203 1091 3275 limite
1114 3206 1296 3298 insidens,
1319 3210 1453 3300 partim
1474 3210 1793 3305 Scytcaiphontem

211 3350 451 3426 intestinalem
463 3346 621 3439 altosqve
635 3343 856 3436 obvestiena5
878 3341 988 3411 etiam
1003 3340 1044 3409 in
1058 3338 1267 3411 Laminaria
1280 3341 1463 3414 esculenta
1480 3310 1564 3417 cum
1587 3346 1793 3439 Ectocarpo

213 3482 361 3553 littorali
372 3484 571 3572 parasitica.

259 3673 384 3742 DEsc.
436 3672 565 3763 Caespes
586 3670 748 3750 minutus,
776 3668 897 3738 lineam
920 3674 963 3739 ad
983 3668 1221 3763 semipullieem
1239 3669 1375 3759 longus,
1402 3672 1543 3755 densus,
1570 3673 1792 3762 sublubricus,

345 3778 468 3845 fuscus.
513 3774 586 3843 Fila
604 3775 783 3867 simplicia,
808 3777 929 3869 capillo
954 3777 1100 3847 hnmano
1129 3778 1297 3858 tenuiora,
1321 3777 1441 3870 plana,
1464 3777 1500 3844 id
1518 3778 1633 3871 qvod,
1656 3782 1792 3873 qvando

333 3882 402 3951 ‚fila
423 3884 458 3948 in
472 3905 554 3974 aqva
574 3881 635 3947 sub
649 3879 737 3947 lente
758 3879 957 3955 volvuntur,
980 3883 1292 3979 benejpercipitun
1314 3899 1393 3951 tunc
1416 3883 1521 3971 enim,
1542 3883 1643 3951 latere
1666 3886 1790 3955 scilicet

333 4006 535 4079 ,compresso
553 3985 607 4053 vel
629 4004 799 4072 angustato
824 3986 930 4053 octslis
958 3987 1046 4055 sorte
1068 3990 1226 4064 obverso,
1251 3986 1294 4052 ad
1315 3986 1453 4059 altcmtn
1468 3989 1567 4059 finem
1582 4007 1742 4057 attenuata
1757 4011 1790 4059 et

341 4092 537 4181 nigricantis
551 4089 643 4154 haud
655 4115 731 4156 raro
746 4091 912 4157 videntur.
960 4092 1101 4159 Articuli
1114 4116 1183 4158 non
1195 4092 1282 4156 bene
1298 4094 1478 4182 conspicui,
1494 4095 1663 4163 ,diametro
1677 4115 1786 4165 tamen

340 4199 529 4276 breviores,
551 4193 762 4260 transversim
776 4196 898 4277 striati,
920 4196 976 4263 hic
991 4197 1058 4263 illic
1072 4200 1107 4262 in
1123 4194 1281 4280 geniculis
1295 4180 1407 4261 soluti.
1451 4195 1554 4264 Color
1569 4203 1710 4292 cespitis
1727 4227 1788 4267 rc-

340 4304 443 4372 ccntis
455 4300 587 4378 luscus,
612 4297 724 4364 siccati
739 4297 907 4363 interdum
920 4302 955 4365 in
971 4300 1223 4368 viridescentem
1236 4300 1366 4378 abiens3
1389 4295 1524 4364 lilortun
1538 4302 1599 4367 sub
1617 4290 1705 4370 lente
1722 4305 1789 4372 lla-

338 4432 483 4475 vescena.
543 4402 732 4469 Substantia
756 4405 950 4487 tenerrima,
973 4404 1180 4487 auhlubrica,
1207 4427 1277 4470 nun
1298 4400 1442 4473 multum
1461 4401 1596 4488 fragilia.
1642 4413 1787 4477 Aestate.

344 4511 472 4589 Chartae
491 4510 576 4575 bene
591 4507 750 4575 adheret.
1479 4508 1483 4519 ’

257 4668 352 4738 0138.
392 4669 505 4734 Primo
521 4670 640 4735 intuitu
655 4670 847 4738 fasciculum
870 4694 1011 4762 parvum
1035 4670 1425 4759 Ectocarpilittorolis,
1446 4671 1620 4740 caiatiam
1638 4677 1789 4745 immixta

206 4814 212 4819 -
340 4769 508 4837 interdum
519 4773 702 4852 invenitur,
725 4774 877 4855 simulat,
896 4775 1040 4843 scdsub
1061 4776 1155 4842 lente
1174 4773 1443 4843 consideratam
1470 4764 1629 4865 co‘longe
1652 4780 1785 4850 diversa
1880 4826 1887 4833 ·

341 4874 498 4941 cernitur.
545 4873 599 4937 Ob
619 4876 714 4939 strias
730 4878 963 4945 transversales
979 4879 1187 4946 densissimas
1206 4878 1249 4944 ad
1266 4878 1506 4949 oscillctorias
1519 4883 1672 4953 nonnihil
1686 4909 1785 4953 acce·

341 4979 400 5045 (lit.
425 5013 467 5028 -
487 4978 538 5042 De
552 5000 736 5065 synonymo
750 4979 871 5063 allato,
895 5000 972 5050 cum
985 4982 1148 5050 Tabulam
1165 4985 1297 5051 citatam
1315 4983 1467 5050 nondum
1485 4985 1572 5068 vidi,
1596 5011 1665 5055 non
1689 5004 1785 5059 ccmo

339 5098 476 5151 cunstat.
1124 5092 1128 5101 ’
1715 5104 1722 5117 “
