4728 6088
468 446 548 569 mr
1012 571 1016 576 ,
1166 496 1437 572 rumano.

419 715 492 785 tra
522 693 706 820 regulas
737 697 847 784 artis
885 690 1200 818 delinquimus
1208 731 1221 806 ;
1270 719 1324 789 ut
1358 720 1516 790 autem
1549 718 1722 788 natura
1749 693 1934 826 legibus
1962 699 2180 789 humanis

417 835 659 964 praevalet,
711 839 781 928 sic
815 843 958 933 etiem
986 836 1239 962 dispositio
1267 840 1692 968 Hydrophytorum
1718 839 1968 957 naturalis,
2015 870 2071 935 ex
2100 844 2184 933 ha-

417 981 525 1073 bitu
549 1003 723 1094 sumta,
762 980 1047 1095 artificiosae,
1086 1016 1145 1074 ex
1166 983 1325 1077 fructu
1352 1007 1537 1099 sumtae,
1571 1020 1648 1079 me
1673 987 1853 1108 judice,
1890 1008 2186 1110 anteponen-

417 1123 502 1236 da}
537 1149 674 1248 atqve
695 1125 796 1221 ltaec
826 1125 1017 1250 qvidem
1042 1129 1293 1253 dispositio
1314 1131 1541 1221 naturalis
1566 1164 1667 1224 non
1682 1132 1839 1223 solum
1860 1129 2050 1223 facilior
2067 1131 2186 1222 mihi

419 1269 628 1383 videtur,
677 1271 932 1364 sedetiam
950 1272 1135 1384 utilior;
1179 1274 1368 1398 qvando
1399 1278 1523 1366 enim
1543 1280 1827 1400 specimina,
1871 1310 1972 1402 qvae
1991 1309 2041 1367 se
2066 1279 2188 1365 invi-

418 1447 527 1507 cem
552 1419 757 1508 maxime
782 1414 1011 1530 referunt,
1051 1420 1181 1539 juxta
1200 1452 1252 1511 se
1275 1441 1543 1544 ponuntur,
1585 1450 1751 1512 eorum
1772 1425 2089 1514 commutatio
2117 1419 2188 1510 fa-

424 1558 596 1654 cillime
621 1559 923 1684 prohibetur,
968 1585 1017 1654 et
1043 1565 1223 1688 optime
1245 1568 1552 1689 perspicitur,
1596 1566 1766 1686 qvibus
1794 1571 1845 1654 in
1862 1568 2052 1690 punctis
2073 1598 2191 1656 con-

418 1709 636 1818 ·veniant,
676 1705 843 1820 quibus
867 1711 1011 1799 etiam
1032 1704 1317 1833 discrepent
1382 1712 1509 1799 Inter
1533 1730 1751 1798 auctores
1779 1706 1969 1829 quidem
1988 1731 2188 1823 constat,
2303 1702 2307 1709 ’

426 1847 554 1975 qvod
576 1854 692 1962 scio,
733 1884 791 1943 ex
814 1850 932 1943 flore
963 1874 1009 1943 et
1031 1851 1188 1945 fructu
1203 1848 1455 1944 sumendas
1475 1882 1577 1943 esse
1602 1871 1741 1941 notas
1760 1849 1886 1962 illas,
1922 1853 2091 1972 qvibus
2120 1851 2194 1941 di·

423 1998 544 2088 visio
570 2027 797 2123 generum
824 2000 913 2087 niti
941 1995 1103 2109 debet,
1151 1998 1578 2107 characteristicas3
1611 1992 1697 2087 sed
1726 1992 1867 2085 simul
1893 2025 1968 2083 me
1993 2027 2094 2084 non
2110 1994 2195 2085 -fu·

422 2144 511 2265 git,
553 2138 679 2230 hanc
704 2137 877 2266 legem,
923 2143 1109 2259 ratione
1132 2142 1363 2264 imprimis
1394 2139 1457 2229 ad
1481 2137 1670 2264 plantas
1698 2136 2081 2266 phanerogamas
2108 2137 2196 2229 ha-

427 2284 546 2397 bita,
581 2282 727 2375 latam
755 2316 879 2399 essa,
912 2307 959 2376 et
977 2284 1121 2398 absit,
1156 2307 1209 2375 ut
1234 2284 1359 2375 hanc
1379 2284 1765 2412 Phanerogamas
1788 2279 2077 2407 disponendi
2096 2316 2198 2377 me·

425 2425 629 2518 thodum
660 2433 890 2555 optimam
913 2460 1160 2557 negarem3
1198 2462 1312 2520 nam
1341 2462 1433 2553 qvo
1461 2433 1674 2555 penitior
1697 2431 1749 2518 in
1773 2425 1947 2551 plantae
1976 2446 2200 2520 naturam

423 2570 732 2696 indolemqve
758 2576 922 2689 intrat,
973 2595 1027 2664 ut
1055 2604 1114 2662 eo
1143 2576 1460 2681 constantior,
1508 2577 1577 2660 sie
1605 2593 1651 2662 et
1673 2569 1865 2682 melior;
1908 2569 1996 2664 sed
2024 2570 2201 2662 dantur

422 2741 476 2813 et
501 2716 601 2813 aliae
626 2716 813 2843 plantas
834 2716 1081 2813 dividendi
1108 2711 1347 2826 methodi,
1387 2712 1517 2836 qvod
1545 2717 1802 2805 conamina
1829 2714 2204 2807 clarissimorum

424 2869 638 2960 virorum
665 2887 712 2958 et
731 2889 839 2957 ante
853 2888 914 2957 et
929 2885 1043 2990 post
1059 2884 1278 2985 tempora
1296 2857 1597 2949 illustrissimi
1624 2862 1817 2946 Linnoei
1839 2860 2032 2984 incepta
2054 2883 2100 2953 et
2127 2865 2204 2950 in-

427 3016 611 3125 stituta,
650 3044 740 3103 nec
761 3010 904 3138 plane
922 3014 1076 3123 irrita,
1112 3011 1225 3099 satis
1254 3004 1591 3128 comprobant3
1621 3024 1850 3125 praeterea
1869 3001 2062 3130 regula,
2099 3037 2204 3126 qvae

427 3157 589 3252 valent
605 3157 663 3250 de
679 3158 1077 3284 Phanerogamis,
1115 3158 1291 3277 qvippe
1310 3182 1506 3275 quarum
1526 3147 1706 3239 fructus
1725 3167 1771 3237 et
1790 3144 2110 3238 fructificandi
2127 3180 2207 3239 ra-

432 3309 499 3397 tio
532 3301 774 3396 evidenter
803 3303 866 3395 ob
902 3298 1069 3393 oculos
1095 3300 1238 3390 nobis
1263 3317 1494 3408 versatur,
1552 3292 1728 3385 eaedem
1757 3287 1815 3381 de
1851 3292 2204 3418 Cryptogamis,

434 3482 630 3575 quarum
656 3447 837 3541 fructus
856 3448 1034 3538 intimis
1060 3476 1185 3568 saepe
1208 3439 1472 3534 recessibus
1500 3434 1832 3548 absconditur,
1874 3466 1977 3525 non
1997 3467 2206 3559 semper,

432 3629 523 3689 nec
544 3601 646 3689 sine
663 3599 793 3687 omni
815 3589 1198 3686 contradictione
1214 3586 1374 3678 valere
1391 3607 1607 3709 possunt.
1659 3588 1825 3705 Atqve‚
1852 3585 1892 3671 si
1911 3583 2035 3670 inter
2054 3581 2213 3702 Cryp-

434 3766 648 3869 togamas
682 3740 743 3831 ad
773 3736 1201 3861 Hydropbytorum
1229 3728 1462 3819 lamiliam
1496 3724 1852 3832 descendimus,
1897 3755 1955 3810 ex
1982 3726 2060 3831 iis,
2105 3754 2214 3841 qvae

435 3890 532 4010 jam
559 3908 699 3977 autea
722 3880 841 3992 dixi,
883 3881 1113 3997 seqvitur,
1168 3898 1228 3963 ut
1246 3871 1426 3958 furetus
1455 3901 1642 3979 eorum,
1692 3863 1877 3982 qualem
1911 3890 2021 3949 eum
2047 3858 2216 3959 adhuc

437 4032 657 4123 novimus
685 4020 1019 4147 imperfectum
1049 4038 1095 4107 et
1126 4013 1284 4105 dubiis
1312 4027 1557 4118 vexatum,
1598 4025 1822 4128 tanquam
1845 4000 2216 4104 lirndamentum

438 4172 703 4282 divisionis,
728 4163 1003 4259 difficillime
1021 4184 1103 4252 aut
1119 4158 1262 4287 plane
1277 4185 1379 4245 non
1397 4150 1508 4280 eligi
1527 4152 1744 4276 possit*),
1776 4180 1931 4271 neqve
1952 4145 2065 4238 inde
2082 4159 2215 4246 sumi

437 4322 629 4449 possint
652 4339 777 4408 notae
796 4342 1023 4439 generum
1046 4305 1458 4401 characteristica,
1495 4295 1728 4420 siquidem
1755 4297 1805 4381 in
1825 4290 1929 4384 aliis
1951 4316 2020 4385 est
2041 4298 2218 4426 incog-

443 4471 593 4580 nitus,
638 4468 690 4553 in
717 4460 820 4553 aliis
856 4457 1142 4568 rarissimus,
1199 4472 1246 4543 et
1269 4453 1441 4541 iterum
1469 4449 1520 4533 in
1556 4439 1658 4533 aliis
1693 4436 1892 4564 duplex,
1944 4459 1998 4531 ut
2029 4470 2219 4567 organa

455 4690 460 4697 1
491 4763 522 4839 Ἀ)
564 4760 600 4823 In
626 4757 788 4841 aeubjeet
807 4779 844 4823 so
869 4754 1017 4821 intricate
1037 4774 1071 4816 ar
1091 4749 1173 4827 this,
1195 4748 1221 4813 it
1243 4742 1355 4817 would
1378 4743 1420 4809 be
1442 4732 1740 4830 highlyadviaable
1762 4732 1894 4802 thetall
1915 4733 2219 4826 praedicemus

579 4861 623 4928 all
646 4860 871 4951 comperimus
895 4857 961 4935 and
984 4854 1072 4933 ideas
1097 4854 1137 4922 os
1152 4850 1291 4939 analogy
1314 4847 1408 4916 taken
1432 4846 1519 4914 from
1537 4844 1644 4936 pleuts
1668 4842 1815 4927 growing
1838 4865 1884 4908 on
1905 4837 2001 4915 land,
2030 4839 2150 4907 should
2169 4844 2217 4907 be

580 4965 723 5061 entirely·
739 4963 806 5030 laid
827 4961 928 5029 asida.
983 4959 1211 5048 Goodeoouglt
1233 4952 1300 5021 and
1325 4952 1382 5020 W
1378 4949 1540 5018 oodwurd
1568 4950 1603 5014 in
1623 4950 1793 5016 Transact.
1822 4945 1863 5013 os
1888 4945 1943 5012 the
1966 4944 2112 5012 Lianean
2132 4943 2218 5011 Soc.

582 5069 890 5160 Mfflpm
