4812 6096
1075 516 1246 632 saeuo
1271 518 1469 615 vara
1519 519 1759 596 Duronia.

767 733 898 802 dubito.
920 767 963 786 -
984 725 1139 814 Algologi
1156 726 1308 796 nonnulli
1322 727 1452 814 Anglici
1466 730 1552 795 hane
1568 733 1712 821 speeiem
1732 754 1808 798 cum
1828 732 2005 824 'conferva
2026 735 2215 804 dissiliente

768 839 891 907 Dillw.
909 851 1128 915 commutant3
1153 832 1221 901 vidi
1237 834 1325 897 enim
1339 833 1424 898 inter
1438 833 1618 900 Confervas
1633 858 1672 899 ex
1688 835 1808 920 Anglia
1824 841 1937 907 missas
1960 843 2045 908 hanc
2065 844 2127 909 sub
2149 867 2214 909 no·
2243 906 2249 915 ,

767 945 857 1009 mine
880 939 1060 1029 Confervoe
1084 937 1281 1003 desilientis
1304 936 1427 1002 Ditlw.
1459 971 1500 986 -
1537 939 1690 1004 Ceterum
1711 938 1752 1004 de
1777 942 1932 1029 singulari
1954 946 2018 1013 hoc
2037 970 2164 1035 genere
2184 963 2216 1013 et

766 1062 950 1113 memoratu
965 1043 1173 1130 dignissimo,
1199 1045 1291 1125 eujus
1310 1041 1443 1124 triginta
1461 1040 1592 1104 circiter
1607 1041 1726 1109 abhinc
1745 1049 1839 1113 annis
1863 1074 1905 1115 ne
1927 1052 2058 1115 unicam
2081 1050 2214 1142 quidem

766 1152 909 1243 speciem
926 1146 1222 1213 animadverterant
1238 1163 1294 1211 aut
1318 1159 1515 1211 curaverant
1536 1145 1701 1229 Botanici,
1725 1148 1789 1217 hoc
1812 1154 1847 1217 in
1869 1156 2059 1221 universum
2082 1155 2123 1220 de
2145 1158 2213 1239 ejus

766 1255 905 1324 historia
919 1253 1031 1343 paucis
1045 1274 1180 1317 monere
1194 1247 1300 1315 liceat.
1346 1248 1534 1326 Mulieres,
1558 1249 1592 1312 in
1608 1252 1810 1321 animalculis
1833 1255 2002 1324 infusoriis
2018 1256 2212 1342 indagandis

767 1358 1035 1448 inqvisitionibus
1048 1355 1322 1444 *microscopieim
1355 1370 1392 1418 ut
1405 1354 1465 1418 'vix
1485 1349 1572 1416 ullus
1595 1351 1695 1433 alius,
1717 1376 1911 1449 occupatus,
1937 1362 1973 1425 in
1994 1362 2097 1428 Novis
2121 1362 2215 1448 Actis

767 1462 1101 1554 Petropolitanispro
1123 1481 1211 1523 anno
1234 1465 1316 1528 1785
1357 1454 1524 1525 Diaromo
1538 1457 1713 1543 partitiale
1734 1461 1806 1549 Ag.
1833 1464 2085 1551 (Fragiloriam
2101 1465 2215 1553 pecti-

771 1566 885 1632 nolem
899 1565 995 1642 mihi)
1010 1563 1072 1629 sub
1086 1563 1221 1628 nomine
1237 1555 1420 1647 Confervoe
1427 1546 1613 1646 pectinalt's
1628 1562 1756 1651 palmus
1771 1564 1845 1628 orbi
1862 1566 2067 1641 eruditorum
2082 1592 2213 1659 propo-

769 1673 834 1738 suit
854 1686 887 1736 et
906 1670 1002 1734 icone
1026 1666 1213 1734 illustravit.
1266 1665 1434 1742 Roscius,
1465 1664 1603 1730 eximius
1633 1663 1691 1732 ille
1721 1665 1866 1750 algarum
1892 1669 2045 1753 rimator,
2076 1671 2213 1738 eandem

770 1772 891 1844 deinde
919 1772 1062 1864 speciem
1083 1770 1144 1836 sub
1177 1769 1313 1837 nomine
1334 1766 1515 1856 Confervoe
1535 1768 1741 1836 broochiolis
1771 1771 1962 1863 descripsit,
1999 1792 2032 1839 ct
2057 1791 2215 1864 praeterea

770 1875 978 1967 Conservam
983 1873 1210 1967 flocculoaom
1223 1873 1407 1955 (Diatoma
1413 1873 1658 1964 flosculorum)
1683 1875 1802 1960 adjecit
1811 1924 1821 1957 ,
1850 1901 1948 1967 vam
1962 1878 1997 1941 in
2013 1877 2084 1942 Cat.
2099 1878 2169 1943 bot.
2184 1890 2214 1958 1,

769 1984 854 2050 Tali.
872 1990 903 2054 5.
917 1981 972 2064 fig.
989 1987 1021 2052 6.
1037 1981 1122 2046 bene
1137 1975 1367 2043 delineandam
1390 1979 1526 2045 curavit.
1572 1979 1784 2046 Decmdotte
1805 1982 1840 2044 in
1862 1979 1963 2047 Flora
1987 1979 2101 2066 gallica
2120 1996 2217 2071 post·

771 2086 834 2154 bae
847 2108 972 2154 novun
984 2084 1286 2166 consueuitgenus,
1309 2082 1476 2149 Diotoenc
1490 2106 1628 2175 nempe,
1651 2101 1684 2149 et
1702 2082 1785 2150 duas
1809 2082 1903 2150 affert
1923 2088 2064 2175 species,
2088 2086 2215 2151 Diato-

771 2215 829 2258 ητα
845 2189 998 2280 rigidum
1013 2186 1074 2277 (D.
1089 2198 1271 2253 arcuatam
1283 2182 1405 2270 mihil)
1430 2186 1696 2278 etflocculosum
1719 2186 1780 2273 (D.
1798 2190 1971 2255 morinum
1982 2190 2090 2271 mihi).
2114 2189 2215 2254 Ditt-

767 2296 900 2385 wyrtista
915 2297 1065 2387 inopere
1082 2317 1142 2359 suo
1167 2290 1317 2382 specioso
1340 2290 1389 2356 D.
1403 2289 1632 2383 flosculorum
1655 2309 1688 2358 et
1700 2292 1874 2380 porticale
1890 2294 1952 2359 sub
1975 2293 2216 2367 Conlervarum

767 2400 902 2466 nomine
916 2397 1072 2465 exhibuit.
1120 2394 1277 2486 Sowerby
1295 2396 1338 2461 ‘in
1358 2394 1498 2481 English
1520 2398 1811 2488 Botany·qvatuor
1836 2394 2012 2463 delineavit
2035 2397 2214 2465 Consertae

769 2502 834 2569 huc
849 2503 1062 2594 pertinentes,
1079 2499 1287 2589 Conservam
1300 2501 1596 2590 Biddatphtanam
1609 2504 1651 2567 Τ.
1669 2510 1762 2582 1762,
1778 2498 2039 2590 taenioeformem
2060 2504 2101 2566 Τ.
2118 2513 2212 2580 1883,

770 2606 975 2697 obliqvatam
997 2610 1040 2673 Τ.
1057 2619 1150 2687 1889,
1181 2623 1215 2672 et
1237 2606 1436 2672 atriatulam
1458 2608 1500 2671 T.
1524 2618 1617 2683 1928.
1640 2640 1683 2657 -
1702 2604 1805 2697 Apud
1824 2606 2045 2695 Agardttwn
2065 2630 2213 2674 comme-

771 2729 943 2783 morantur
965 2711 1135 2889 fictorem
1151 2710 1312 2778 Sesamii
1320 2760 1334 2791 ,
1351 2711 1562 2802 perendie,
1571 2710 1778 2804 flosculosc,
1797 2707 2012 2792 fmciculoto
2036 2728 2068 2775 et
2083 2714 2215 2777 tensas.

771 2853 814 2870 ·-
837 2820 911 2911 Ipse
927 2819 962 2885 in
996 2842 1014 2882 a
1034 2813 1211 2889 nonnullas
1227 2816 1369 2882 Denicas
1393 2815 1597 2901 subjungam.
1645 2816 1700 2884 Sic
1725 2817 1825 2900 igitur
1845 2815 1968 2881 sactum
1988 2832 2054 2896 est,
2078 2831 2115 2881 ut
2131 2813 2216 2881 illud

770 2947 894 3009 genua,
911 2923 1102 3016 specierum
1112 2925 1180 3007 jam
1198 2922 1334 2987 nonita
1355 2921 1471 3011 inops,
1486 2921 1578 2986 'bene
1599 2919 1780 2986 stabilitum
1802 2940 1981 2989 censeatur.
2030 2921 2114 2986 Cum
2136 2943 2216 2989 vero

770 3031 913 3122 speeies,
938 3029 1050 3114 generi
1065 3025 1814 3108 Dtawnme·hacsenusannnmernrs‚gravi
1827 3043 1996 3093 nomento
2011 3023 2122 3116 qvcad
2134 3025 2216 3093 arti-

771 3131 923 3203 culorum
936 3131 1156 3214 cohaesionem
1169 3129 1310 3195 invicem
1326 3127 1459 3194 differre
1472 3129 1555 3195 milri
1572 3132 1648 3215 vise
1665 3146 1758 3210 sunt,
1780 3130 1816 3195 in
1837 3129 1905 3198 duo
1927 3153 2064 3215 genera,
2087 3129 2216 3194 Diato-

772 3264 832 3308 ma
846 3256 879 3304 et
890 3237 1149 3327 Fragilariem,
1175 3232 1306 3301 easdem
1321 3232 1518 3299 distribuere
1533 3233 1675 3325 placuit,
1701 3231 1831 3298 exclusi
1852 3252 1960 3301 tamen
1973 3232 2138 3302 Diatoma
2144 3230 2216 3320 fa·

770 3341 939 3412 scicatatct
955 3340 1046 3432 Ag„
1066 3363 1138 3432 qvae
1163 3337 1246 3405 adeo
1266 3336 1350 3403 mihi
1369 3337 1537 3429 paradoxa
1562 3338 1755 3419 videbatur,
1777 3352 1815 3402 ut
1836 3337 1880 3404 ad
1903 3338 2121 3404 Eeltinellam
2142 3360 2215 3403 eam

708 3452 712 3457 ’
770 3451 897 3519 referre
911 3447 1011 3514 satius
1026 3442 1189 3511 duxerim.
1234 3444 1358 3507 Omnes
1372 3459 1497 3520 autem,
1521 3466 1592 3535 qvae
1615 3444 1658 3509 ad
1679 3444 1744 3511 hoc
1766 3467 1868 3529 genus
1889 3440 2058 3535 pertinent
2078 3439 2215 3531 specics,

774 3553 838 3623 filis
855 3551 998 3640 gaudent
1004 3548 1123 3640 planis
1129 3597 1143 3628 ,
1163 3546 1283 3638 qvibus
1298 3571 1316 3609 a
1331 3546 1447 3611 ceteris
1463 3543 1732 3635 Siphonigona'tis
1744 3543 2022 3633 (Conservoideis)
2043 3543 2217 3634 cylindra-

773 3660 839 3728 ceis
851 3657 1029 3736 recedunt,
1053 3668 1213 3745 preterea
1229 3647 1438 3736 geniculatis,
1461 3647 1656 3740 pellucidis,
1681 3668 1713 3716 et
1727 3652 1786 3716 ubi
1799 3651 1835 3716 in
1849 3671 1965 3733 magna
1979 3650 2077 3738 copia
2089 3646 2219 3729 adsunt,

772 3761 1066 3840 taxarivulorum,
1092 3780 1174 3849 aqva
1191 3754 1382 3836 deficiente,
1406 3751 1459 3821 vel
1474 3751 1581 3839 algas,
1606 3756 1725 3847 quibus
1738 3750 2086 3846 parasiticeinsident‚
2110 3755 2219 3819 crusti

772 3866 936 3933 albissima
954 3860 1199 3953 crystallisormi
1212 3862 1355 3941 nitente,
1376 3860 1481 3924 instar
1496 3861 1645 3950 pruinae,
1666 3858 1850 3926 obducunt.
1893 3857 1949 3925 Ad
1968 3881 2106 3944 regnum
2122 3859 2218 3939 inor-

771 3971 926 4055 ganicum
946 3967 1070 4033 fabrica
1093 3965 1228 4034 filorum
1250 3954 1498 4056 crystallisormi
1515 3962 1699 4040 accedunt,
1739 3963 1799 4027 sed
1817 3963 1896 4028 inde
1921 3963 2080 4029 differunt
2109 3960 2151 4029 vi
2169 3986 2217 4042 ea,

776 4095 839 4162 qva
855 4076 944 4156 juxta
967 4071 1157 4162 opinionem
1177 4069 1248 4137 Cel.
1271 4067 1448 4157 Agardttt
1466 4063 1618 4155 pollent,
1638 4086 1708 4129 sese
1732 4064 1924 4156 copulandi.
1969 4069 2000 4134 A
2020 4090 2121 4149 regno
2143 4067 2218 4130 ani-

746 4256 748 4267 !
775 4175 854 4242 mali
866 4173 1227 4267 recedunt,·siqvidem
1241 4175 1332 4240 omni
1348 4187 1528 4263 spontanea
1550 4192 1619 4234 sese
1639 4169 1796 4235 movendi
1820 4170 1970 4237 facultate
1992 4169 2091 4258 plane
2113 4167 2217 4234 desti·

777 4299 923 4349 tuuntur.
967 4281 1023 4349 Ad
1037 4303 1175 4366 regnum
1190 4280 1289 4365 igitur
1302 4272 1481 4362 vegetabile
1493 4275 1701 4365 potissimum
1715 4276 1880 4366 pertinere
1894 4271 2064 4351 videntur,
2087 4290 2120 4338 et
2138 4297 2217 4340 cum

775 4386 1001 4480 Zygnematis
1018 4383 1151 4476 qvidem
1164 4385 1208 4450 ita
1221 4366 1446 4461 consentiunt,
1471 4396 1508 4445 ut
1522 4402 1591 4444 sese
1605 4377 1805 4470 aliquatenus
1819 4374 1991 4467 copulent,
2015 4400 2085 4442 non
2106 4394 2216 4445 tamen

774 4492 915 4563 mediate
932 4515 993 4582 per
1008 4487 1140 4556 tubulos
1155 4484 1403 4567 transversales,
1426 4483 1484 4550 sed
1501 4482 1687 4551 immediate
1710 4507 1773 4573 per
1787 4497 1871 4548 totas
1891 4477 2036 4547 duorum
2056 4483 2217 4552 articulo-

775 4621 852 4665 rum
872 4592 1110 4680 longitudines,
1141 4616 1214 4685 qvae
1232 4593 1294 4657 sub
1311 4588 1521 4681 copulatione
1542 4606 1631 4654 arete
1653 4587 1912 4673 agglutinantur3
1935 4584 1990 4653 fila
2013 4605 2137 4667 autem,
2158 4589 2216 4655 ubi

775 4724 837 4791 per
858 4697 991 4789 aliquod
1016 4698 1173 4789 temporis
1192 4698 1335 4788 spatitrm
1356 4697 1400 4761 ita
1420 4692 1606 4759 immediate
1628 4695 1803 4777 conjuncta
1824 4690 1965 4772 suerint,
2002 4693 2037 4759 in
2057 4692 2217 4775 geniculis

776 4798 908 4866 tandem
925 4797 1149 4867 dissolvuntur
1163 4818 1194 4865 et
1206 4800 1330 4884 angulis
1345 4798 1477 4866 alternis
1492 4800 1632 4864 invicem
1643 4796 1744 4863 modo
1757 4795 1871 4861 leviter
1886 4796 2070 4877 cohaerent,
2095 4797 2130 4861 in
2148 4820 2216 4886 qve

777 4903 881 4970 stadio
895 4920 932 4968 ut
942 4901 1367 5010 plurimumobservantur.
1411 4902 1468 4969 Sic
1482 4918 1615 4983 natura,
1640 4925 1756 4988 magna
1769 4925 1885 4968 rerum
1902 4919 2022 4980 mater,
2046 4901 2084 4966 in
2097 4900 2214 4989 operti-

766 5005 1143 5081 ,bns-saisinam
