4728 6088
1029 488 1200 563 suono
1229 450 1462 560 saeuum.
1511 486 1865 562 scvrosnuou.

800 697 966 777 intricata3
998 700 1081 762 rami
1101 698 1189 781 vagi,
1210 694 1357 767 :altecuh
1388 719 1475 763 nune
1495 694 1630 772 remoti,
1654 716 1742 758 nunc
1763 694 1996 783 approximati,
2020 694 2091 758 basi
2114 693 2229 784 patuli,
2297 686 2302 695 ’

798 803 925 890 apicem
939 825 1050 867 versus
1066 801 1232 878 attenuati,
1256 797 1433 889 capillaeei,
1456 797 1590 887 aliisqve
1606 797 1787 864 minoribus
1805 797 1926 863 obsessi
1935 826 1946 879 3
1969 796 2086 865 ramuli
2104 796 2229 873 alterni,

799 905 1006 984 subsecundi,
1025 904 1178 973 flexuosi,
1201 904 1389 967 tenuissimi.
1436 902 1574 965 Fructus
1590 899 1719 966 Semina
1738 899 1826 964 nuda
1842 900 1984 966 solitaria
1999 901 2088 966 fusca
2105 898 2231 967 frondis

798 1007 984 1073 substantiae
1000 1007 1054 1072 hic
1073 1006 1139 1071 illie
1156 1008 1316 1070 immersa.
1364 1003 1466 1070 Color
1486 1002 1778 1081 lusco-olivaceus‚
1804 1005 1970 1069 interdum
1996 1002 2097 1070 diluta
2126 1003 2231 1068 luteus

800 1128 856 1174 aut
874 1113 1047 1179 virescens.
1104 1111 1290 1176 Substantia
1314 1109 1478 1187 coriaceis,
1510 1104 1606 1173 lenta.
1660 1109 1788 1175 Chartae
1808 1107 1880 1175 laxe
1900 1108 2054 1174 adhaeret.
2102 1109 2230 1173 Annua.

800 1216 885 1281 Vere
904 1217 1063 1304 imprimis
1078 1212 1206 1296 legitur.
2285 1213 2288 1218 ’

714 1328 806 1395 OBS.
853 1329 1006 1396 Romulos
1023 1331 1119 1412 hujus
1135 1331 1254 1420 speciei
1272 1329 1362 1395 libris
1377 1329 1563 1414 geniculatis
1580 1329 1751 1421 pellucidis
1769 1330 1969 1422 simplicibus
1993 1355 2081 1396 nunc
2103 1328 2232 1394 ‹bnsis-

800 1436 906 1513 aimis,
928 1460 1016 1499 nunc
1038 1436 1192 1499 remotius
1212 1434 1371 1523 oppositis
1395 1436 1559 1513 obsessos,
1586 1444 1635 1519 (ut
1658 1436 1693 1499 in
1712 1437 1796 1500 Tab.
1821 1442 1870 1507 14.
1893 1438 1930 1500 C.
1958 1448 1986 1505 1.
2005 1447 2037 1506 3.
2060 1430 2232 1513 sistuntur)

800 1563 886 1627 supe
912 1539 1094 1603 observavi.
1139 1539 1300 1601 Praeterea
1323 1555 1436 1602 notatu
1456 1537 1591 1620 dignum
1609 1539 1756 1618 videtur,
1782 1542 1871 1629 ipsos
1895 1536 2235 1622 ramos1·amulosqve

801 1641 966 1705 interdum
986 1643 1170 1731 praeprimis
1194 1642 1320 1730 apicem
1344 1665 1455 1707 versus
1483 1640 1669 1706 articulatos
1695 1642 1860 1731 conspici,
1901 1639 2043 1705 articulis
2073 1639 2234 1704 diametro

801 1744 1024 1823 brevioribus,
1049 1764 1081 1810 et
1094 1743 1204 1810 medio
1223 1743 1308 1808 linea
1325 1743 1530 1819 transversali
1545 1742 1692 1810 dilutiori
1716 1746 1845 1809 notatis.
1891 1743 1930 1809 ld
1955 1762 2061 1808 autem
2081 1766 2147 1807 non
2171 1744 2235 1807 nisi

800 1872 864 1937 pro
882 1849 1041 1914 anomalia
1058 1847 1200 1939 qvadam
1217 1847 1406 1911 habendum
1422 1864 1486 1925 est,
1511 1844 1672 1937 siqvidcm
1690 1848 1780 1911 sr'ons
1795 1847 1871 1913 alias
1890 1849 1957 1912 sere
1972 1871 2100 1937 semper
2117 1847 2234 1910 inarti-

799 1952 903 2016 culata
919 1953 970 2019 vel
987 1957 1141 2019 continua
1162 1968 1307 2041 apparet.
1329 1985 1369 2000 -
1391 1952 1587 2015 Ceremiam
1600 1950 1764 2039 inflexum
1778 1951 1834 2029 R.,
1858 1975 1876 2012 a
1892 1950 1960 2015 Cel.
1976 1952 2100 2015 Rotltio
2120 1947 2235 2014 adlit-

799 2071 871 2119 tora
886 2058 985 2119 maris
999 2055 1137 2118 Balthici
1160 2057 1248 2118 circa
1265 2054 1444 2116 Fimbriam
1464 2053 1603 2117 insulam
1623 2053 1759 2130 lectum,
1784 2052 1825 2117 ad
1847 2053 1931 2116 hanc
1953 2054 2095 2142 speciem
2117 2054 2234 2135 retuli3

798 2174 933 2221 testatur
947 2160 1034 2221 enim
1049 2158 1118 2248 ipse
1133 2158 1297 2232 Rotltius,
1319 2156 1403 2218 hane
1417 2151 1522 2236 algam
1536 2157 1570 2218 in
1587 2157 1662 2220 vivo
1676 2171 1761 2219 statu
1775 2154 1972 2219 simillimam
1993 2180 2061 2220 esse
2084 2181 2143 2221 suo
2167 2158 2234 2222 Ce-

796 2263 907 2324 ramia
922 2261 1116 2350 longissimo
1134 2260 1341 2347 (Gigartinoe
1355 2256 1565 2344 confervoidi
1586 2257 1698 2341 mihi),
1724 2256 1805 2323 adeo
1827 2276 1864 2323 ut
1883 2257 1979 2322 facile
2001 2282 2065 2348 pro
2087 2258 2235 2343 ejusdem

797 2365 951 2429 varietate
966 2363 1079 2428 haberi
1094 2365 1214 2452 possit,
1240 2363 1267 2427 si
1289 2361 1444 2444 geniculis
1465 2362 1703 2427 evidentissime
1712 2362 1755 2446 (i)
1778 2361 1916 2450 praedita
1938 2386 2006 2427 non
2028 2380 2120 2427 esset.
2167 2363 2236 2430 sed

725 2494 729 2501 ·
798 2464 868 2527 bac
883 2463 1048 2546 genicula,
1073 2483 1110 2528 ut
1124 2468 1263 2552 opinor,
1285 2488 1353 2530 non
1375 2465 1514 2531 multum
1534 2465 1668 2531 adrem
1690 2465 1829 2546 laciunt3
1852 2466 1964 2555 plures
1987 2468 2073 2532 enim
2096 2471 2234 2558 speeies,

798 2589 870 2654 qvae
888 2564 1083 2654 plerumqve
1098 2566 1309 2629 inarticulata
1327 2585 1419 2642 sunt,
1443 2592 1679 2653 nonnunqvam
1693 2568 1841 2650 genicula
1856 2572 1891 2634 iu
1905 2571 2039 2636 ramulis
2057 2572 2237 2638 ostendunt

795 2669 849 2750 (id
862 2667 953 2756 qvod
968 2672 1034 2751 jam
1050 2692 1156 2757 nuper
1179 2667 1219 2732 dc
1243 2667 1304 2731 hae
1325 2669 1433 2757 speeie
1453 2670 1623 2744 annotavi,
1649 2686 1690 2732 et*
1703 2696 1801 2759 supra
1826 2672 1867 2736 de
1890 2675 2074 2764 Gigartinu
2097 2677 2236 2758 viride),

798 2785 958 2855 practerea
974 2793 1049 2834 cum
1065 2770 1135 2849 fila,
1159 2788 1238 2835 teste
1256 2772 1381 2837 Rotltio
1388 2819 1399 2848 ,
1421 2789 1498 2839 sunt
1509 2768 1608 2859 plane
1632 2796 1752 2861 opaca,
1778 2777 1835 2863 qvl
1858 2776 1912 2855 fit,
1936 2796 1972 2842 ut
1994 2780 2141 2860 genicula
2165 2784 2237 2857 cvi,-

798 2869 985 2936 dentissime
1014 2875 1281 2962 conspiciantur?
1312 2877 1351 2940 In
1371 2874 1528 2938 Ceramia
1551 2899 1610 2939 suo
1634 2879 1806 2963 coespitoso
1828 2896 1861 2943 et
1883 2880 2068 2947 diclvotomo
2091 2876 2239 2950 Rotltius

798 2975 895 3037 etiam
913 2976 999 3041 visus
1016 2994 1064 3042 est
1078 2979 1139 3041 sibi
1154 2977 1266 3043 videre
1288 2975 1456 3059 genicula,
1479 3001 1550 3067 qvae
1567 2977 1701 3067 qvidem
1718 2983 1839 3067 apuria
1860 2981 1990 3062 definit,
2016 2986 2080 3050 sed¹
2095 2985 2150 3052 fila
2175 2990 2236 3053 ha-

798 3100 873 3141 rum
884 3081 1067 3168 specierum
1078 3081 1175 3165 longe
1189 3080 1304 3145 melius
1322 3081 1479 3144 eortdnuc
1498 3080 1662 3145 dicuntur.
1708 3084 1864 3172 Suspicor
1879 3088 1994 3167 igitur,
2018 3087 2102 3153 hanc
2117 3094 2239 3157 Rotlvii

798 3178 915 3262 Algam
929 3182 977 3247 nil
994 3184 1083 3250 aliud
1100 3209 1187 3260 esse,
1213 3206 1310 3271 qvam
1327 3183 1451 3269 Scyros.
1457 3182 1754 3271 foeniculaeewm
1779 3190 1869 3268 eujus
1885 3189 2076 3257 tubulositas
2100 3195 2134 3258 in
2158 3220 2238 3285 spe·

795 3285 971 3350 eiminibus
988 3287 1189 3350 tenuioribus
1211 3286 1377 3350 interdum
1392 3310 1475 3369 segre
1493 3289 1705 3375 conspicitur.
1753 3289 1825 3352 Huc
1848 3290 1989 3369 accedit,
2013 3294 2102 3382 qvod
2124 3302 2238 3385 speei-

797 3388 903 3465 mina,
928 3387 969 3451 ad
985 3387 1074 3453 littus
1090 3387 1311 3454 bornholmiae
1328 3389 1409 3455 lecta
1427 3408 1458 3455 et
1474 3391 1508 3454 in
1523 3390 1683 3455 herbariis
1704 3388 1745 3456 V
1739 3392 1825 3456 atatis·
1848 3411 1879 3456 et
1900 3392 2082 3480 Ilosmarm
2102 3398 2237 3487 Bangii

743 3486 747 3495 ’
794 3491 858 3557 sub
876 3492 1007 3557 nominc
1024 3491 1174 3553 Cermnii
1188 3491 1306 3578 inflexi
1320 3496 1357 3559 R.
1375 3513 1550 3572 asservata,
1573 3496 1607 3556 in
1623 3494 1712 3579 Scyt.
1721 3491 1998 3580 foeniculaeeum
2010 3503 2133 3586 optime
2150 3526 2236 3592 qva-

795 3590 905 3656 drant.
929 3627 967 3643 -
991 3591 1186 3656 Ceremiam
1191 3590 1362 3679 fibrarum
1371 3596 1409 3659 R.
1424 3594 1580 3660 Varietati
1588 3617 1666 3657 mea
1679 3622 1712 3674 γ.
1729 3599 1857 3676 merito,
1878 3616 1914 3663 ut
1928 3603 2040 3679 credo,
2062 3605 2218 3687 subjunxi
2227 3635 2237 3689 ς

798 3697 942 3760 Rotltius
959 3694 1062 3781 algam
1078 3720 1147 3761 eam
1171 3698 1256 3761 inter
1272 3698 1397 3775 Fucos,
1423 3722 1440 3761 e
1464 3699 1545 3761 mari
1570 3697 1815 3765 Groenlaudieo
1840 3702 1902 3766 sibi
1923 3701 2054 3782 allatos,
2077 3707 2236 3777 observa-

799 3800 863 3878 vit3
888 3817 936 3863 cst
958 3818 1065 3863 autem
1088 3799 1156 3863 haee
1180 3802 1288 3887 (atqve
1312 3803 1473 3889 imprimis
1497 3831 1534 3871 a,
1561 3818 1598 3865 ut
1619 3826 1657 3863 ev
1681 3802 1860 3881 berberiis,
1886 3826 1957 3893 qvae
1977 3810 2089 3888 citavi,
2121 3812 2237 3878 videre

800 3901 968 3981 contigit),
991 3901 1033 3964 ad
1048 3901 1159 3963 littora
1172 3902 1404 3966 Gvnenlandize
1423 3903 1699 3990 sreqventissima3
1721 3904 1867 3996 capsulas
1879 3907 2058 3977 venditatas
2074 3938 2138 4004 pro
2153 3941 2235 4006 par-

800 4003 906 4067 ticulis
922 4002 1146 4083 heterogeneis
1161 4005 1271 4093 potius
1287 4002 1453 4067 haberem.
2223 4002 2229 4014 ’

406 4188 409 4193 ’
473 4219 563 4291 Τὼ,
584 4224 642 4300 15,
743 4207 776 4281 5.
835 4199 891 4269 Sc.
908 4220 1138 4292 compressus
1149 4225 1163 4289 ,·
1192 4201 1322 4305 ¹fronde
1339 4211 1452 4271 terete
1478 4197 1637 4273 filiformi
1661 4204 1829 4277 tubulosa
1847 4233 1987 4279 ramosa
2008 4234 2233 4310 compressa3

666 4335 774 4404 ramis
791 4335 920 4424 sparsis
937 4328 1157 4425 simplicibus
1171 4336 1476 4407 decumbentibus.

801 4460 878 4516 θῖνα
898 4470 1054 4532 compressa
1074 4465 1135 4520 Lia.
1157 4502 1186 4515 -
1202 4466 1239 4520 Fi.
1259 4463 1285 4520 d.
1305 4465 1376 4519 Tib.
1399 4478 1473 4549 ¹45}⁰·
1493 4462 1583 4551 58:⁷¹·
1603 4460 1630 4517 L
1651 4466 1748 4537 Lig'lvtl.
1772 4486 1799 4536 p.
1821 4467 1879 4538 969.
1892 4470 1920 4521 .;
1932 4468 2008 4540 Enpl.
2020 4471 2077 4527 boc
2094 4474 2132 4527 T.
2154 4491 2229 4551 ¹739

859 4569 888 4583 -
907 4532 1055 4586 Wshlenb.
1077 4535 1102 4588 ll.
1122 4533 1194 4607 lapp.
1216 4555 1243 4588 n.
1263 4550 1324 4603 970·
1343 4567 1372 4580 -
1389 4534 1481 4588 Suom
1500 4535 1613 4591 Sondm.
1638 4536 1703 4589 Uita
1722 4555 1749 4587 u.
1772 4553 1796 4587 a.
1814 4566 1842 4582 -
1860 4538 2053 4611 flodasp·569.
2073 4570 2106 4583 -
2123 4545 2232 4602 Dilten,

794 4616 798 4627 ·
858 4600 895 4653 Τ.
917 4614 942 4667 9.
963 4600 1007 4672 lig.
1028 4614 1053 4665 8.
1076 4618 1103 4656 at
1122 4604 1156 4658 Τ.
1180 4623 1218 4657 ιο.
1239 4601 1274 4671 fig
1298 4614 1322 4668 3.
1333 4602 1463 4658 —Witb.
1482 4612 1507 4672 (ἧς
1528 4622 1553 4674 p.
1567 4607 1621 4657 126.
1631 4631 1663 4643 —
1677 4605 1744 4655 Dec.
1758 4600 1783 4655 ll.
1796 4602 1826 4654 fr.
1846 4622 1870 4665 a,
1890 4602 1951 4677 plp.
1964 4643 1993 4658 -
2005 4611 2053 4678 Ag.
2063 4608 2126 4681 Syn.
2147 4633 2174 4685 p.
2185 4631 2228 4685 45,

789 4699 947 4771 ‘conserva
966 4722 1128 4773 compressa
1146 4706 1231 4765 Roth.
1249 4704 1310 4759 Ctt.
1329 4702 1386 4760 bot.
1409 4722 1430 4765 ι,
1448 4724 1476 4777 p.
1498 4709 1554 4761 vsvs.
1573 4733 1606 4747 -
1625 4704 1661 4755 Fl-
1677 4723 1759 4774 germ.
1780 4715 1805 4769 3.
1822 4724 1850 4778 p.
1865 4717 1928 4775 485.

868 4836 896 4851 -
962 4813 1067 4856 crtntta
1086 4805 1168 4861 Roth.
1189 4808 1249 4860 Cat.
1271 4805 1327 4860 bot.
1349 4824 1373 4864 ι.
1395 4825 1422 4878 p.
1445 4824 1499 4877 ¹9⁰·
1518 4839 1546 4855 -
1562 4806 1672 4859 Schum.
1693 4807 1790 4861 Eoum.
1811 4825 1836 4869 a,
1856 4829 1884 4883 p.
1906 4828 1962 4886 ¹04

471 4925 562 4996 Tab,
596 4933 642 5007 15
721 4907 766 5004 β)
791 4908 996 5002 crispatus,
1025 4908 1155 4980 fronde
1177 4921 1291 5009 terete
1314 4911 1480 4981 tribulosa
1506 4911 1673 5003 rugulosa
1693 4916 1965 5009 sub'comprcssa
1980 4921 2227 5011 decumbente,

497 5026 539 5094 Β·
562 5037 640 5106 1-3·
673 5102 676 5107 .
766 5043 922 5116 ramulos
936 5043 1122 5134 capillacea
1137 5054 1266 5116 temtos
1282 5044 1459 5139 simplices
1483 5047 1677 5117 emittente.
