4728 6088
658 510 711 585 '43
836 499 1008 573 sEc'rto
1039 494 1206 577 PRIMA.
1266 492 1542 581 GIGARTINA
1561 495 1599 571 d<
1620 497 1983 578 mmcELLAIuA:

741 722 880 787 vuntur3
917 709 1129 798 reperiuntur
1158 707 1254 771 etiam
1281 703 1373 770 haud
1398 729 1476 771 raro
1501 704 1652 797 Capsulae
1675 704 1847 788 solitaria,
1876 729 1997 788 ovate,
2031 709 2194 793 laterales,

739 811 835 876 brevi
857 810 1047 913 pedunculo
1072 810 1177 891 fultae,
1201 809 1319 902 qvibus
1342 811 1465 873 semina
1485 821 1507 882 3
1529 809 1572 874 ad
1592 821 1615 880 7
1637 831 1750 891 ovata,
1775 813 1884 893 fusca,
1906 838 2003 882 muco
2022 817 2193 907 pellucido

741 916 888 980 immixta
903 915 1106 981 nidulantur
1149 914 1253 983 Color
1269 914 1393 979 rubro·
1396 912 1600 996 lascescens,
1626 920 1793 985 exsiccata·
1807 919 1983 1003 nigricans.
2029 921 2194 988 Substan-

742 1018 1025 1102 tiaeartilaginea,
1051 1039 1172 1086 tenera.
1228 1021 1398 1086 Perennis.

655 1136 748 1205 OBS.
793 1135 950 1227 Capsulas
968 1137 1002 1200 in
1019 1136 1207 1227 paniculum
1221 1118 1477 1227 pedunculatam
1493 1150 1600 1202 ternas
1616 1136 1668 1203 vel
1683 1141 1796 1228 qviuas
1811 1159 1999 1223 congestas,
2023 1165 2103 1235 qvas
2130 1141 2196 1206 ‹ie-¹

739 1240 908 1308 lineandas
923 1244 1050 1307 curavit
1067 1241 1259 1322 annerrcr,
1283 1243 1317 1305 in
1332 1238 1566 1330 speciminibus
1588 1241 1631 1307 ad
1644 1261 1757 1308 nostra
1777 1242 1889 1309 littora
1910 1247 2014 1312 obviis
2036 1271 2105 1313 non
2129 1246 2194 1312 ob-

742 1348 880 1413 servavi.
928 1348 1081 1412 Ceterum
1098 1345 1169 1412 haec
1182 1348 1306 1437 species
1329 1344 1445 1408 habitu
1466 1360 1602 1411 externo
1626 1347 1797 1430 insigniter
1820 1349 1948 1430 differt,
1972 1374 2073 1441 qvare
2095 1351 2195 1416 etiam

742 1451 855 1543 plures
874 1452 1053 1518 Varietates
1067 1451 1171 1517 attuli.
1181 1449 1430 1518 -Varietatem
1444 1453 1472 1518 δ.
1486 1447 1598 1537 primo
1615 1473 1712 1529 vere,
1737 1475 1813 1515 nam
1828 1453 1938 1542 Aprili
1957 1453 2022 1519 sert
2036 1454 2193 1534 fructum,

741 1555 947 1621 abundanter
960 1554 1043 1640 legi,
1071 1560 1187 1622 ceteris
1210 1555 1289 1619 anni
1314 1551 1517 1642 temporibus
1542 1550 1612 1618 iere
1634 1557 1814 1635 evanescit,
1840 1554 1934 1621 color
1955 1560 2024 1641 ejus
2045 1575 2195 1649 tempore

743 1659 886 1749 hyemali
902 1662 936 1724 in
952 1660 1044 1726 caule
1058 1663 1324 1737 atrorubeseens,
1348 1660 1383 1721 in
1398 1656 1533 1722 ramulis
1549 1682 1681 1737 roseus,
1705 1657 1764 1724 sed
1791 1677 1940 1749 tempore
1960 1658 2104 1741 vernali,
2128 1684 2194 1750 qvo

743 1762 908 1843 florescit,
934 1766 969 1828 in
993 1764 1096 1830 dilutc
1119 1764 1248 1831 fuscum
1269 1764 1353 1842 abit,
1380 1778 1413 1824 et
1434 1761 1554 1825 ramuli
1577 1780 1656 1826 tune
1677 1764 1780 1844 magis
1801 1764 2074 1853 prolongantur3.
2087 1789 2194 1830 annua

744 1883 802 1931 est.
823 1900 863 1917 -·
887 1871 1063 1949 Verrucae,
1084 1893 1164 1960 qvas
1185 1871 1220 1935 in
1235 1868 1399 1939 Varietate
1422 1871 1458 1949 β.
1480 1889 1498 1928 e
1519 1866 1685 1948 Norvegia
1707 1865 1794 1944 vidi,
1828 1867 2065 1935 nullasemina
2086 1872 2195 1935 conti-

744 1988 844 2051 nent,
868 1995 945 2035 nam
958 1993 1082 2061 puncta
1097 1972 1154 2039 illa
1169 1976 1280 2057 nigra,
1305 1996 1378 2061 qvae
1394 1973 1429 2036 in
1443 1971 1483 2035 iis
1496 1966 1645 2037 dissectis
1661 1970 1852 2045 observavi,
1878 1970 1969 2053 (vide
1983 1972 2067 2036 st.
2085 1986 2134 2044 11.
2157 1975 2194 2037 Β.

742 2074 789 2152 2.)
804 2076 914 2161 potius
928 2098 993 2162 pro
1012 2100 1117 2141 massa
1132 2078 1261 2140 interna
1280 2074 1335 2137 hic
1353 2072 1423 2138 illic
1443 2075 1546 2155 magis
1568 2074 1785 2152 condensata,
1810 2094 1909 2162 qvam
1931 2094 1996 2160 pro
2016 2077 2196 2142 seminibus

741 2176 901 2243 sumenda
914 2193 1000 2240 sunt.

375 2470 379 2475 ,
415 2404 505 2477 Tab·
527 2418 586 2487 11·
691 2409 750 2480 10·
802 2399 847 2468 G.
864 2390 1114 2480 Fabriciana5
1138 2391 1270 2465 fronde
1286 2391 1464 2485 filiformi,
1488 2394 1702 2486 tenerrima,
1728 2415 1889 2486 ramosa3
1914 2397 2023 2465 ramis
2041 2392 2197 2467 inferio-³

611 2534 714 2608 ribus
730 2535 877 2605 remotis
886 2558 897 2625 3
916 2527 1065 2601 ramulis
1078 2531 1228 2600 summis
1243 2531 1471 2619 abbreviatis,
1500 2523 1689 2622 insigniter
1705 2532 1919 2603 divaricatis.

689 2702 846 2772 Habitat
857 2692 896 2771 in
913 2702 1006 2769 mari
1020 2696 1294 2792 Groenlandiae3
1344 2697 1464 2769 Herb.
1478 2695 1569 2770 Rev.
1594 2699 1636 2769 0.
1655 2698 1829 2803 Fabricii.

656 2862 782 2929 DESC.
835 2859 1033 2928 Radix'non
1047 2863 1126 2953 visa.
1174 2863 1282 2929 Frons
1299 2879 1402 2943 teres,
1425 2859 1550 2941 solida,
1584 2859 1742 2951 pollicem
1764 2885 1867 2928 unum
1889 2861 2067 2931 alterumve
2087 2859 2195 2947 longa,

745 2967 833 3033 infra
848 2984 949 3033 setam
964 2970 1137 3056 porcinam
1158 2991 1282 3046 crassa,
1308 2968 1436 3057 apicem
1456 2989 1568 3032 versus
1588 2968 1710 3031 sensim
1731 2970 1917 3059 semimqve
1938 2985 2119 3049 attenuata,
2139 2990 2199 3031 ra-

746 3096 855 3155 mosa;
886 3075 970 3139 rami
993 3072 1129 3162 alterni,
1160 3070 1335 3135 inferiores
1357 3072 1494 3147 remoti,
1521 3071 1708 3159 superiores
1729 3070 1916 3153 densiores3
1938 3070 2056 3136 ramuli
2079 3071 2197 3137 summi

747 3179 950 3257 brevissimi,
975 3174 1093 3244 alterni
1108 3194 1141 3241 et
1151 3174 1305 3255 secundi,
1331 3174 1521 3251 divaricasti,
1546 3173 1783 3262 spinaelormes.
1832 3178 1972 3244 Fructus
1994 3201 2063 3240 non
2080 3175 2198 3240 obser·
2260 3198 2263 3202 “

748 3303 851 3350 vatus.
906 3281 1009 3349 Color
1030 3284 1156 3345 intense
1177 3303 1303 3345 roseus.
1351 3279 1539 3344 Substantia
1553 3275 1780 3360 cartilaginea,
1805 3276 1932 3356 mollis,
1958 3277 2095 3345 flaccida
2102 3302 2113 3358 3
2136 3277 2198 3343 sub

748 3386 837 3454 lente
851 3385 993 3480 pulchre
1010 3383 1196 3463 reticulata,
1219 3380 1434 3446 inarticulata.
1482 3380 1613 3447 Chartae
1634 3380 1706 3446 laxe
1728 3380 1881 3451 adheret.

661 3504 755 3573 OBS.
802 3504 896 3569 Hanc
916 3502 1035 3583 Algam
1053 3498 1250 3578 elegantem,
1280 3521 1380 3587 qvam
1405 3499 1442 3561 in
1463 3496 1627 3563 Herbario
1649 3499 1818 3564 nominato
1838 3498 1993 3562 siccatam
2015 3496 2199 3572 observavi,

748 3607 876 3685 nomini
890 3600 1091 3683 indagatoris
1104 3597 1238 3663 Summe
1251 3599 1332 3660 Rev.
1355 3597 1400 3658 O.
1418 3599 1593 3671 Fabricii,
1623 3602 1680 3684 qvi
1702 3624 1790 3678 eam,
1814 3599 1895 3663 dum
1917 3601 1953 3663 in
1974 3596 2201 3663 Groenlandiu

752 3710 793 3775 ab
818 3732 905 3773 anno
930 3713 1012 3776 1768
1033 3702 1076 3767 ad
1099 3695 1568 3774 1773n1uneriecclesiastico
1591 3699 1627 3762 in
1643 3698 1783 3766 Colonia
1799 3699 2083 3765 Frederiebshaab
2111 3724 2201 3789 prae-

753 3813 834 3889 fuit,
860 3832 1000 3874 unacum
1014 3806 1167 3898 pluribus
1180 3804 1252 3870 aliis
1267 3802 1361 3885 legit,
1387 3826 1443 3881 ea,
1468 3826 1532 3892 qva
1545 3826 1607 3891 par
1623 3820 1681 3879 est,
1708 3805 1914 3870 observantis
1929 3802 2094 3867 dedicavi..
2130 3804 2201 3867 Ha-

751 3915 823 3978 bitu
838 3930 973 3978 externo
992 3910 1035 3973 ad
1052 3909 1248 3973 Ceremiam
1266 3906 1324 3970 W
1321 3903 1448 3988 salsense
1460 3906 1563 3968 Roth.
1577 3902 1781 3993 aliqvantum
1798 3905 1942 3987 aceedit,
1965 3904 2025 3973 sed
2038 3923 2218 4035 structura

747 4018 881 4095 ¹interna
896 4008 1100 4079 inarticulata
1115 4009 1157 4072 ab
1172 4030 1212 4073 eo
1225 4008 1301 4125 satis
1316 4004 1536 4084 distingvitur.

1235 4225 1585 4251 ···-··--=-·-——--

1017 4428 1141 4518 XVI.
1216 4421 1808 4518 FURCELLARIA'.

621 4656 708 4710 Frons
719 4634 807 4713 iteres,
832 4648 1000 4711 dichotoms,
1027 4647 1173 4721 fastigiata.
1216 4650 1328 4702 Fructus
1342 4645 1500 4702 Tubercula
1513 4642 1665 4702 terminalia
1682 4640 1817 4703 rubuisti,
1838 4640 1881 4696 vel
1897 4638 2019 4696 lateralia
2040 4641 2202 4714 spongiosi.

424 4858 517 4947 frah,
536 4866 598 4941 40;
652 4862 657 4873 ‘
700 4859 731 4925 1.
782 4841 827 4911 F.
857 4837 1085 4909 lumbricata
1090 4861 1104 4928 ,⁴
1137 4837 1268 4910 fronde
1289 4837 1450 4910 filiformi
1471 4838 1693 4927 dichotoma3
1738 4833 1875 4928 angulis
1899 4835 2202 4907 dichotomiarum

453 4961 585 5044 A.1·4
628 4981 762 5072 acutis,
785 4977 946 5070 apicibus
966 4977 1122 5068 obtusis3
1148 4974 1345 5046 tuberculis
1361 4971 1674 5072 siliqvaeformibus
1689 4972 1730 5046 in
1745 4970 1909 5066 apicibus
1924 4967 2076 5058 frondis,

759 5141 941 5199 Furceuaria
957 5142 1138 5203 tamtrtoatu
1154 5143 1203 5213 Ag·
1225 5140 1289 5212 Syn.
1308 5156 1336 5215 p.
1353 5158 1391 5194 ro.
