4772 6106
567 448 737 523 sacrm
762 446 997 523 securus.
1050 447 1364 522 staminum
1453 452 1482 535 1
1637 458 1687 563 ⁶⁹.

163 663 324 735 Habitat
339 685 373 733 a·
385 664 424 730 in
440 662 521 730 sinu
536 659 740 731 Othiniensi
755 663 850 731 saxis
868 664 989 731 radice
1001 661 1206 750 adnasceus,
1219 671 1276 730 sat
1290 658 1466 749 freqvem
1482 691 1533 710 ·-
1547 654 1589 745 β.
1603 665 1642 730 in
1655 665 1737 733 sinu

161 797 280 865 maris
294 816 407 885 prope
421 793 581 886 Laurvig
595 793 782 885 Norvegice
806 817 907 882 raro,
931 792 1083 863 Miiller.
1105 828 1154 845 —
1179 819 1214 884 y.
1240 795 1400 862 adoram
1424 790 1510 861 freti
1525 782 1738 865 Oresundici

166 952 275 1019 raro,
298 925 454 1000 Miiller.
478 964 530 978 —
554 916 583 1000 ol.
600 935 638 994 et
653 952 676 999 t.
695 927 740 994 ud
754 916 853 1006 littus
871 927 1008 996 Fioniae
1026 924 1303 1017 septentrionale
1318 924 1399 1015 legi.
1483 962 1486 973 ·

217 1087 340 1155 DESC.
386 1085 492 1152 Radix
505 1109 617 1175 parva,
638 1104 778 1164 scutata,
801 1085 965 1176 lapidibus
979 1087 1184 1170 agglutinata.
1226 1085 1376 1152 Frondes
1394 1109 1432 1151 ex
1448 1088 1561 1153 eadem
1575 1089 1644 1152 basi
1658 1086 1739 1177 plu·

304 1192 415 1268 rimae,
450 1187 628 1278 palmares,
667 1189 880 1279 spithamaae,
917 1206 1048 1261 teretes,
1080 1188 1256 1267 tabidosa,
1285 1190 1354 1253 basi
1377 1207 1563 1271 attenuatae,
1593 1213 1737 1280 pennam

303 1294 504 1385 passerinam
519 1316 652 1371 crassae,
674 1316 750 1358 mox
766 1295 800 1356 in
817 1316 933 1382 pennae
957 1293 1098 1357 corvina
1118 1291 1284 1356 interdum
1308 1295 1463 1357 anserina
1491 1293 1737 1360 crassitudinem

303 1400 571 1473 intumescentes,
597 1414 629 1460 et
647 1419 711 1484 qvo
726 1397 911 1474 breviores,
935 1418 974 1459 eo
991 1393 1185 1484 plerumque
1208 1396 1391 1460 crassiores.
1438 1397 1531 1461 Rami
1554 1399 1623 1462 basi
1652 1414 1736 1461 atte-

304 1502 413 1579 nuati,
435 1498 557 1589 patuli,
582 1498 717 1577 alterni,
749 1497 870 1565 deinde
893 1497 1050 1579 elongati,
1076 1514 1206 1576 teretes,
1231 1496 1737 1589 filiiormes,pleru1nqvesim·

305 1602 424 1692 plices,
449 1602 613 1667 interdum
628 1603 734 1669 divisi.
781 1605 888 1667 Frons
903 1616 1060 1690 practerea
1078 1602 1212 1678 sinuata,
1237 1598 1398 1675 flexuosa,
1424 1616 1455 1663 et
1470 1603 1505 1664 in
1520 1601 1735 1668 adultioribus

306 1723 339 1771 et
354 1705 507 1770 senilibus
524 1730 609 1797 saepe
624 1707 679 1771 hic
703 1706 771 1771 illic
792 1702 1165 1792 rugulam-compressa.
1212 1702 1351 1767 Fructus
1375 1703 1505 1769 Semina
1528 1704 1631 1785 nuda,
1654 1708 1735 1772 sub-

308 1809 508 1881 rotundavel
520 1810 725 1899 pyriformia,
745 1810 844 1888 fusca,
864 1810 898 1871 in
913 1805 1054 1871 maculas
1063 1807 1247 1870 substantiae
1265 1804 1392 1870 frondis
1406 1805 1588 1889 galatiuosae
1601 1813 1740 1899 sparsim

307 1914 471 1978 immersas
487 1930 648 1994 congesta.
695 1911 796 1978 Color
813 1911 1045 1988 fusco-ruber,
1070 1906 1236 1972 interdum
1259 1906 1406 1975 dilutior.
1451 1910 1636 1976 Substantia
1658 1913 1740 1976 sub·

305 2015 501 2101 gelatinosa,
526 2014 667 2096 lubrica,
692 2015 810 2083 mollis.
858 2017 988 2081 Annua.
1034 2014 1120 2077 Vere
1136 2028 1168 2072 ct
1184 2011 1316 2073 AEstate.
1365 2012 1493 2076 Chartae
1510 2012 1663 2077 adheret.

182 2238 198 2263 ἱ
221 2165 310 2235 OBS.
359 2168 561 2257 Specimina‚
584 2188 655 2256 qva
675 2164 717 2230 sd
735 2165 825 2231 littus
840 2156 947 2229 nutris
962 2160 1092 2225 Codani
1106 2154 1190 2240 legi,
1213 2160 1310 2222 ramis
1329 2154 1502 2239 elongatis,
1529 2162 1662 2228 omnino
1688 2179 1739 2228 te·
1776 2177 1780 2185 '
1842 2194 1846 2205 ·

305 2271 446 2349 retibus,
469 2268 663 2360 aqvalibus,
687 2293 830 2359 pennam
844 2268 1045 2357 passerinam
1061 2263 1191 2327 circiter
1214 2261 1346 2338 crassis,
1370 2260 1563 2328 lubricitatis
1587 2265 1655 2331 fere
1678 2293 1737 2333 ex.-

281 2424 285 2429 .
305 2373 464 2465 pertibus,
486 2388 518 2437 et
531 2371 641 2437 colore
657 2371 758 2436 dilute
773 2372 887 2447 rubro,
910 2367 1076 2434 interdum
1093 2366 1197 2443 flavo,
1223 2364 1379 2429 differunt
1393 2365 1433 2427 ab
1449 2367 1505 2444 iis,
1528 2391 1598 2457 qvae
1615 2372 1649 2432 in
1662 2372 1741 2434 sinu

304 2476 496 2542 Otltiniensi
518 2493 712 2555 occurrunt,
737 2499 807 2565 qvae
833 2473 953 2539 coloris
978 2488 1055 2535 sunt
1085 2469 1288 2555 intensioris‚
1314 2466 1381 2532 sere
1404 2468 1560 2547 brunnei,
1582 2489 1739 2559 praeterea

303 2579 474 2645 manifeste
489 2576 633 2657 lubrica,
660 2577 813 2666 etqvoad
828 2574 1053 2664 peripheriam
1075 2569 1140 2635 illis
1158 2576 1300 2655 majora,
1322 2589 1354 2636 at
1372 2570 1480 2659 qvoad
1502 2568 1740 2656 longitudinem

307 2686 442 2750 minora.
497 2684 652 2747 Ceterum
665 2679 788 2768 planta,
810 2676 851 2742 ad
866 2677 1107 2767 provectiorem
1122 2694 1246 2741 aetatem
1267 2678 1471 2765 perveniens,
1498 2679 1616 2742 sensim
1638 2681 1738 2762 magis

308 2788 467 2877 magisque
491 2784 617 2850 lubrica
638 2781 761 2860 evadit,
792 2799 840 2859 et,
866 2778 1009 2867 granulis
1032 2781 1183 2857 maturis,
1214 2780 1305 2844 srons
1332 2779 1506 2861 gelatinosa
1531 2780 1738 2866 dissolvitur3

309 2913 371 2980 qvo
386 2889 482 2972 facto,
501 2888 636 2974 granula
651 2885 754 2951 libere
767 2883 844 2951 inde
859 2900 987 2960 exeunt,
1003 2879 1099 2945 aliam
1113 2881 1241 2971 prolem
1259 2901 1496 2974 propagatura3
1519 2884 1553 2948 in
1565 2884 1629 2950 hoc
1644 2885 1741 2951 adul-

306 2997 379 3061 tiori
397 3013 483 3061 statu
504 2994 573 3059 haec
594 2990 664 3075 alga
685 2988 762 3054 alias
784 2986 965 3053 Conservas
984 2988 1141 3050 tenuioris
1164 2987 1367 3065 substantiae,
1399 2989 1428 3051 ei
1448 2990 1625 3067 immixtas,
1647 2990 1743 3057 brevi

308 3115 453 3190 tempore
472 3100 605 3163 omnino
623 3094 835 3183 decomponit
850 3091 1044 3181 penitusque
1060 3113 1170 3155 secum
1187 3088 1352 3170 dissolvit;
1378 3109 1453 3156 tuuc
1473 3096 1568 3157 etiam
1587 3109 1740 3183 tanqvam

303 3199 414 3285 gluten
431 3200 580 3266 adbiberi
598 3213 716 3289 potest.
764 3195 950 3262 Substantia
965 3215 1021 3254 sua
1037 3194 1187 3259 crassiori
1202 3212 1234 3257 et
1247 3192 1441 3276 gelatinosa,
1469 3213 1505 3261 ut
1519 3198 1615 3263 etiam
1629 3196 1742 3264 colore

305 3320 490 3383 constante,
513 3320 561 3368 sat
577 3326 737 3391 superque
753 3298 863 3365 differt
885 3323 904 3360 a
917 3297 1153 3385 Scytosiplwue
1174 3322 1377 3387 compresse,
1401 3300 1457 3393 qvi
1479 3300 1596 3368 froude
1624 3300 1742 3385 gaudet

304 3409 566 3484 membranacea,
592 3408 698 3484 tenui,
722 3403 839 3482 viridi,
864 3399 1007 3485 granulis
1023 3419 1153 3481 notata,
1175 3400 1432 3493 lubricitatisqve
1448 3408 1582 3472 omnino
1598 3422 1739 3496 experte.

307 3542 348 3559 -
370 3510 517 3574 Varietas
531 3514 559 3583 ὃ,
585 3530 681 3593 qvam
695 3530 846 3587 rugosam
862 3503 940 3584 dixi,
962 3504 1107 3568 ulnas-em
1124 3506 1251 3582 attingit
1268 3500 1516 3583 longitudinem,
1542 3509 1633 3589 digiti
1650 3531 1742 3571 cras-

313 3606 502 3683 situdinem,
524 3606 671 3680 bullosa‚
696 3604 828 3668 flaccida
849 3627 1028 3697 rugosaque
1050 3631 1107 3671 sua
1132 3603 1270 3683 fronde,
1294 3605 1394 3667 ramis
1414 3608 1527 3693 paucis
1552 3607 1737 3696 equalibus,

311 3724 342 3772 et
357 3706 469 3775 colore
484 3706 679 3772 inanescentc
696 3705 789 3775 facile
802 3706 1006 3776 discernitur.
1625 3712 1629 3721 ⁴

252 3939 286 4007 2.
339 3926 385 3997 G.
396 3948 696 4020 purpurascens5
717 3927 845 3999 fronde
861 3950 1004 4000 ramosa
1010 3956 1021 4021 3
1046 3934 1153 4001 ramis
1165 3927 1381 4024 ramulisqre
1399 3902 1575 4021 deficitis,
1600 3931 1739 4025 subop-
1766 3941 1859 4014 Tib,
1873 3946 1934 4024 17,

168 4062 316 4153 positis,
342 4060 476 4129 ultimis
491 4065 663 4152 pinnatis;
688 4066 806 4153 pinnis
819 4065 968 4134 minutis
983 4068 1164 4155 oppositis.

310 4192 384 4243 Utva
403 4206 613 4257 purpurascens
631 4190 714 4242 Huds.
733 4210 760 4262 p.
780 4190 854 4261 569?

225 4327 268 4424 β)
290 4327 543 4420 caespitosum,
569 4328 698 4398 fronde
713 4335 971 4424 ramosissima3
995 4333 1102 4400 ramis
1124 4331 1263 4404 inferne
1288 4333 1427 4421 densis,
1451 4324 1583 4422 sparsis
1590 4360 1600 4424 3
1636 4360 1741 4409 sum-

278 4466 345 4531 mis
361 4461 530 4548 distichis,
560 4466 739 4553 oppositis,
759 4468 923 4556 pinnatis
1001 4452 1005 4461 ¹

168 4630 325 4702 Habitat
341 4631 385 4696 ad
402 4629 523 4697 littora
540 4627 744 4698 Faeroensia
759 4633 852 4699 saxis
870 4642 907 4699 et
921 4630 1099 4720 stipitibus
1113 4630 1329 4700 Laminariae
1345 4626 1562 4702 saccharinae
1584 4624 1624 4702 ¹et
1640 4636 1737 4726 digi-

166 4773 261 4833 tatae
276 4762 478 4829 adnascens.
503 4797 549 4810 -·
563 4757 602 4845 β.
618 4762 762 4830 ibidem.

212 4920 340 4988 DESC.
388 4918 490 4986 Radix
506 4922 637 5001 exigua,
661 4921 838 5003 nigricans.
889 4922 996 4988 Frons
1011 4920 1153 4986 solitaria
1170 4922 1221 4988 vel
1236 4927 1587 5012 caespitoso-gregaria,
1611 4926 1741 5018 palma·

304 5012 368 5106 ris,
393 5025 462 5090 basi
479 5038 663 5104 attenuata,
688 5023 871 5098 fililormis,
895 5050 973 5092 mox
986 5049 1128 5115 pennam
1141 5029 1342 5118 passerinam
1361 5028 1413 5093 vol
1435 5030 1601 5096 corvinam
1621 5053 1739 5109 crassa,
