<?xml version="1.0" encoding="UTF-8"?>
<!DOCTYPE html PUBLIC "-//W3C//DTD XHTML 1.0 Transitional//EN"
    "http://www.w3.org/TR/xhtml1/DTD/xhtml1-transitional.dtd">
<html xmlns="http://www.w3.org/1999/xhtml" xml:lang="en" lang="en">
 <head>
  <title>
</title>
<meta http-equiv="Content-Type" content="text/html;charset=utf-8" />
  <meta name='ocr-system' content='tesseract 3.04.00' />
  <meta name='ocr-capabilities' content='ocr_page ocr_carea ocr_par ocr_line ocrx_word'/>
</head>
<body>
  <div class='ocr_page' id='page_1' title='image "./tentamenhydroph00lynggoog_0124.png"; bbox 0 0 4772 6106; ppageno 0'>
   <div class='ocr_carea' id='block_1_1' title="bbox 600 464 1679 573">
    <p class='ocr_par' dir='ltr' id='par_1_1' title="bbox 600 464 1679 573">
     <span class='ocr_line' id='line_1_1' title="bbox 600 464 1679 573; baseline 0.002 -22"><span class='ocrx_word' id='word_1_1' title='bbox 600 472 775 551; x_wconf 66' lang='lat' dir='ltr'>suono</span> <span class='ocrx_word' id='word_1_2' title='bbox 801 464 1036 553; x_wconf 80' lang='lat' dir='ltr'>SECUNle</span> <span class='ocrx_word' id='word_1_3' title='bbox 1079 476 1281 553; x_wconf 79' lang='lat' dir='ltr'>uANou.</span> <span class='ocrx_word' id='word_1_4' title='bbox 1626 502 1679 573; x_wconf 64' lang='lat' dir='ltr'>pp</span> 
     </span>
    </p>
   </div>
   <div class='ocr_carea' id='block_1_2' title="bbox 279 683 956 762">
    <p class='ocr_par' dir='ltr' id='par_1_2' title="bbox 279 683 956 762">
     <span class='ocr_line' id='line_1_2' title="bbox 279 683 956 762; baseline -0.001 -17"><span class='ocrx_word' id='word_1_5' title='bbox 279 691 397 762; x_wconf 69' lang='lat' dir='ltr'>Burgus</span> <span class='ocrx_word' id='word_1_6' title='bbox 415 694 509 759; x_wconf 72' lang='lat' dir='ltr'>erispa</span> <span class='ocrx_word' id='word_1_7' title='bbox 538 684 576 740; x_wconf 72' lang='lat' dir='ltr'>PL</span> <span class='ocrx_word' id='word_1_8' title='bbox 596 683 660 740; x_wconf 82' lang='lat' dir='ltr'>dra.</span> <span class='ocrx_word' id='word_1_9' title='bbox 679 685 750 743; x_wconf 72' lang='grc' dir='ltr'>Τὼ.</span> <span class='ocrx_word' id='word_1_10' title='bbox 773 688 847 744; x_wconf 79' lang='lat'>1601.</span> <span class='ocrx_word' id='word_1_11' title='bbox 867 687 911 761; x_wconf 72' lang='lat' dir='ltr'>fig.</span> <span class='ocrx_word' id='word_1_12' title='bbox 931 704 956 744; x_wconf 64' lang='grc' dir='ltr'>π.</span> 
     </span>
    </p>
   </div>
   <div class='ocr_carea' id='block_1_3' title="bbox 137 804 1727 1196">
    <p class='ocr_par' dir='ltr' id='par_1_3' title="bbox 137 804 1727 1196">
     <span class='ocr_line' id='line_1_3' title="bbox 139 804 1727 934; baseline 0.003 -28"><span class='ocrx_word' id='word_1_13' title='bbox 139 804 302 906; x_wconf 79' lang='lat' dir='ltr'><strong>Habitat</strong></span> <span class='ocrx_word' id='word_1_14' title='bbox 321 833 366 902; x_wconf 85' lang='lat' dir='ltr'>sd</span> <span class='ocrx_word' id='word_1_15' title='bbox 380 854 490 923; x_wconf 88' lang='lat' dir='ltr'>rupes</span> <span class='ocrx_word' id='word_1_16' title='bbox 503 831 703 901; x_wconf 84' lang='lat' dir='ltr'>maritimas</span> <span class='ocrx_word' id='word_1_17' title='bbox 721 840 805 901; x_wconf 86' lang='lat' dir='ltr'>ante</span> <span class='ocrx_word' id='word_1_18' title='bbox 820 835 952 902; x_wconf 87' lang='lat' dir='ltr'>ostium</span> <span class='ocrx_word' id='word_1_19' title='bbox 971 833 1071 902; x_wconf 88' lang='lat' dir='ltr'>sinus</span> <span class='ocrx_word' id='word_1_20' title='bbox 1087 831 1263 904; x_wconf 86' lang='lat' dir='ltr'>Oxeliord</span> <span class='ocrx_word' id='word_1_21' title='bbox 1277 831 1483 926; x_wconf 75' lang='lat' dir='ltr'>Norvegiae,</span> <span class='ocrx_word' id='word_1_22' title='bbox 1510 847 1549 907; x_wconf 87' lang='lat' dir='ltr'>et</span> <span class='ocrx_word' id='word_1_23' title='bbox 1574 840 1727 934; x_wconf 68' lang='lat' dir='ltr'>qudem,</span> 
     </span>
     <span class='ocr_line' id='line_1_4' title="bbox 137 965 1727 1066; baseline 0.005 -27"><span class='ocrx_word' id='word_1_24' title='bbox 137 980 186 1039; x_wconf 89' lang='lat' dir='ltr'>ut</span> <span class='ocrx_word' id='word_1_25' title='bbox 201 968 321 1059; x_wconf 83' lang='lat' dir='ltr'>Lepas</span> <span class='ocrx_word' id='word_1_26' title='bbox 338 965 571 1057; x_wconf 84' lang='lat' dir='ltr'>Balanoides,</span> <span class='ocrx_word' id='word_1_27' title='bbox 591 968 631 1037; x_wconf 89' lang='lat' dir='ltr'>in</span> <span class='ocrx_word' id='word_1_28' title='bbox 645 968 725 1059; x_wconf 88' lang='lat' dir='ltr'>ipsa</span> <span class='ocrx_word' id='word_1_29' title='bbox 739 991 839 1061; x_wconf 82' lang='lat' dir='ltr'>aqvoe</span> <span class='ocrx_word' id='word_1_30' title='bbox 857 966 1046 1059; x_wconf 89' lang='lat' dir='ltr'>superficie</span> <span class='ocrx_word' id='word_1_31' title='bbox 1063 966 1120 1038; x_wconf 84' lang='lat' dir='ltr'>vel</span> <span class='ocrx_word' id='word_1_32' title='bbox 1143 969 1182 1039; x_wconf 90' lang='lat' dir='ltr'>in</span> <span class='ocrx_word' id='word_1_33' title='bbox 1199 991 1342 1037; x_wconf 89' lang='lat' dir='ltr'>summo</span> <span class='ocrx_word' id='word_1_34' title='bbox 1370 967 1489 1038; x_wconf 83' lang='lat' dir='ltr'>fluxus</span> <span class='ocrx_word' id='word_1_35' title='bbox 1512 968 1641 1066; x_wconf 87' lang='lat' dir='ltr'>limite,</span> <span class='ocrx_word' id='word_1_36' title='bbox 1663 977 1727 1049; x_wconf 92' lang='lat' dir='ltr'>ubi</span> 
     </span>
     <span class='ocr_line' id='line_1_5' title="bbox 139 1099 1443 1196; baseline -0.005 -20"><span class='ocrx_word' id='word_1_37' title='bbox 139 1102 293 1196; x_wconf 80' lang='lat' dir='ltr'>rupibus</span> <span class='ocrx_word' id='word_1_38' title='bbox 307 1099 504 1173; x_wconf 82' lang='lat' dir='ltr'><strong>declivibus</strong></span> <span class='ocrx_word' id='word_1_39' title='bbox 518 1101 709 1173; x_wconf 84' lang='lat' dir='ltr'>sdhoerens</span> <span class='ocrx_word' id='word_1_40' title='bbox 726 1126 748 1172; x_wconf 84' lang='lat' dir='ltr'>s</span> <span class='ocrx_word' id='word_1_41' title='bbox 764 1102 934 1173; x_wconf 87' lang='lat' dir='ltr'>fluctibus</span> <span class='ocrx_word' id='word_1_42' title='bbox 958 1103 1107 1173; x_wconf 79' lang='lat' dir='ltr'>murinis</span> <span class='ocrx_word' id='word_1_43' title='bbox 1118 1125 1265 1196; x_wconf 85' lang='lat' dir='ltr'>semper</span> <span class='ocrx_word' id='word_1_44' title='bbox 1280 1112 1443 1174; x_wconf 77' lang='lat' dir='ltr'>vexatur.</span> 
     </span>
    </p>
   </div>
   <div class='ocr_carea' id='block_1_4' title="bbox 186 1261 1729 2492">
    <p class='ocr_par' dir='ltr' id='par_1_4' title="bbox 186 1261 1729 2492">
     <span class='ocr_line' id='line_1_6' title="bbox 186 1261 1729 1362; baseline 0.005 -29"><span class='ocrx_word' id='word_1_45' title='bbox 186 1263 312 1333; x_wconf 84' lang='lat' dir='ltr'><strong>DESC.</strong></span> <span class='ocrx_word' id='word_1_46' title='bbox 353 1261 708 1337; x_wconf 79' lang='lat' dir='ltr'>Radixminutissima.</span> <span class='ocrx_word' id='word_1_47' title='bbox 741 1266 880 1357; x_wconf 79' lang='lat' dir='ltr'>rupibus</span> <span class='ocrx_word' id='word_1_48' title='bbox 896 1266 1101 1332; x_wconf 80' lang='lat' dir='ltr'><strong>tenacissime</strong></span> <span class='ocrx_word' id='word_1_49' title='bbox 1115 1265 1245 1331; x_wconf 85' lang='lat' dir='ltr'>adnata.</span> <span class='ocrx_word' id='word_1_50' title='bbox 1292 1265 1448 1357; x_wconf 71' lang='lat' dir='ltr'>Cespites</span> <span class='ocrx_word' id='word_1_51' title='bbox 1464 1291 1527 1359; x_wconf 90' lang='lat' dir='ltr'>per</span> <span class='ocrx_word' id='word_1_52' title='bbox 1541 1292 1640 1362; x_wconf 87' lang='lat' dir='ltr'>rupes</span> <span class='ocrx_word' id='word_1_53' title='bbox 1665 1273 1729 1339; x_wconf 83' lang='lat' dir='ltr'>‹le-</span> 
     </span>
     <span class='ocr_line' id='line_1_7' title="bbox 271 1367 1729 1465; baseline 0.006 -30"><span class='ocrx_word' id='word_1_54' title='bbox 271 1367 372 1437; x_wconf 80' lang='lat' dir='ltr'>elives</span> <span class='ocrx_word' id='word_1_55' title='bbox 386 1367 547 1459; x_wconf 80' lang='lat' dir='ltr'>penduli,</span> <span class='ocrx_word' id='word_1_56' title='bbox 569 1396 689 1465; x_wconf 72' lang='lat' dir='ltr'>easque</span> <span class='ocrx_word' id='word_1_57' title='bbox 707 1393 825 1454; x_wconf 79' lang='lat' dir='ltr'>magna</span> <span class='ocrx_word' id='word_1_58' title='bbox 840 1371 1029 1436; x_wconf 70' lang='lat' dir='ltr'>extensione</span> <span class='ocrx_word' id='word_1_59' title='bbox 1041 1373 1228 1455; x_wconf 85' lang='lat' dir='ltr'>cingentes,</span> <span class='ocrx_word' id='word_1_60' title='bbox 1249 1372 1390 1437; x_wconf 78' lang='lat' dir='ltr'>maxime</span> <span class='ocrx_word' id='word_1_61' title='bbox 1407 1373 1520 1462; x_wconf 87' lang='lat' dir='ltr'>crispi.</span> <span class='ocrx_word' id='word_1_62' title='bbox 1568 1374 1641 1443; x_wconf 86' lang='lat' dir='ltr'>Fila</span> <span class='ocrx_word' id='word_1_63' title='bbox 1662 1401 1729 1443; x_wconf 82' lang='lat' dir='ltr'>cae·</span> 
     </span>
     <span class='ocr_line' id='line_1_8' title="bbox 272 1472 1727 1568; baseline 0.005 -27"><span class='ocrx_word' id='word_1_64' title='bbox 272 1474 395 1566; x_wconf 88' lang='lat' dir='ltr'>spitose</span> <span class='ocrx_word' id='word_1_65' title='bbox 403 1494 595 1561; x_wconf 76' lang='lat' dir='ltr'>aggregate,</span> <span class='ocrx_word' id='word_1_66' title='bbox 616 1474 729 1568; x_wconf 86' lang='lat' dir='ltr'>capilli</span> <span class='ocrx_word' id='word_1_67' title='bbox 745 1474 882 1540; x_wconf 86' lang='lat' dir='ltr'>humani</span> <span class='ocrx_word' id='word_1_68' title='bbox 891 1476 1057 1556; x_wconf 83' lang='lat' dir='ltr'>crassitie,</span> <span class='ocrx_word' id='word_1_69' title='bbox 1077 1473 1232 1567; x_wconf 84' lang='lat' dir='ltr'>pollicari</span> <span class='ocrx_word' id='word_1_70' title='bbox 1254 1472 1307 1541; x_wconf 87' lang='lat' dir='ltr'>vel</span> <span class='ocrx_word' id='word_1_71' title='bbox 1329 1473 1518 1565; x_wconf 87' lang='lat' dir='ltr'>bipollicari</span> <span class='ocrx_word' id='word_1_72' title='bbox 1541 1474 1727 1564; x_wconf 77' lang='lat' dir='ltr'>longitudi-</span> 
     </span>
     <span class='ocr_line' id='line_1_9' title="bbox 271 1577 1727 1671; baseline 0.003 -25"><span class='ocrx_word' id='word_1_73' title='bbox 271 1604 332 1662; x_wconf 89' lang='lat' dir='ltr'>ne,</span> <span class='ocrx_word' id='word_1_74' title='bbox 357 1580 402 1646; x_wconf 90' lang='lat' dir='ltr'>ob</span> <span class='ocrx_word' id='word_1_75' title='bbox 421 1581 587 1647; x_wconf 89' lang='lat' dir='ltr'>undarum</span> <span class='ocrx_word' id='word_1_76' title='bbox 600 1581 840 1668; x_wconf 82' lang='lat' dir='ltr'>vehementiam</span> <span class='ocrx_word' id='word_1_77' title='bbox 856 1581 984 1671; x_wconf 77' lang='lat' dir='ltr'>crispa3</span> <span class='ocrx_word' id='word_1_78' title='bbox 1007 1580 1069 1644; x_wconf 89' lang='lat' dir='ltr'>sub</span> <span class='ocrx_word' id='word_1_79' title='bbox 1083 1578 1172 1645; x_wconf 90' lang='lat' dir='ltr'>lente</span> <span class='ocrx_word' id='word_1_80' title='bbox 1195 1579 1264 1645; x_wconf 79' lang='lat' dir='ltr'>risa</span> <span class='ocrx_word' id='word_1_81' title='bbox 1282 1577 1539 1670; x_wconf 86' lang='lat' dir='ltr'>simplicissima,</span> <span class='ocrx_word' id='word_1_82' title='bbox 1561 1584 1727 1663; x_wconf 72' lang='lat' dir='ltr'>continue,</span> 
     </span>
     <span class='ocr_line' id='line_1_10' title="bbox 273 1683 1727 1777; baseline 0.003 -26"><span class='ocrx_word' id='word_1_83' title='bbox 273 1702 438 1766; x_wconf 88' lang='lat' dir='ltr'>tortuosa,</span> <span class='ocrx_word' id='word_1_84' title='bbox 470 1685 526 1754; x_wconf 88' lang='lat' dir='ltr'>hic</span> <span class='ocrx_word' id='word_1_85' title='bbox 549 1685 618 1753; x_wconf 88' lang='lat' dir='ltr'>illie</span> <span class='ocrx_word' id='word_1_86' title='bbox 640 1687 788 1771; x_wconf 83' lang='lat' dir='ltr'>margine</span> <span class='ocrx_word' id='word_1_87' title='bbox 812 1683 985 1776; x_wconf 86' lang='lat' dir='ltr'>paululum</span> <span class='ocrx_word' id='word_1_88' title='bbox 1007 1701 1192 1764; x_wconf 81' lang='lat' dir='ltr'>contracta,</span> <span class='ocrx_word' id='word_1_89' title='bbox 1226 1683 1262 1749; x_wconf 90' lang='lat' dir='ltr'>in</span> <span class='ocrx_word' id='word_1_90' title='bbox 1283 1684 1376 1775; x_wconf 82' lang='lat' dir='ltr'>apice</span> <span class='ocrx_word' id='word_1_91' title='bbox 1397 1686 1537 1777; x_wconf 81' lang='lat' dir='ltr'>cespitis</span> <span class='ocrx_word' id='word_1_92' title='bbox 1561 1688 1727 1756; x_wconf 84' lang='lat' dir='ltr'>interdum</span> 
     </span>
     <span class='ocr_line' id='line_1_11' title="bbox 274 1780 1727 1882; baseline 0.004 -26"><span class='ocrx_word' id='word_1_93' title='bbox 274 1806 378 1871; x_wconf 79' lang='lat' dir='ltr'>recta,</span> <span class='ocrx_word' id='word_1_94' title='bbox 403 1792 613 1882; x_wconf 77' lang='lat' dir='ltr'>crispationis</span> <span class='ocrx_word' id='word_1_95' title='bbox 626 1790 793 1881; x_wconf 80' lang='lat' dir='ltr'>expertia,</span> <span class='ocrx_word' id='word_1_96' title='bbox 821 1788 971 1879; x_wconf 77' lang='lat' dir='ltr'>apicibus</span> <span class='ocrx_word' id='word_1_97' title='bbox 987 1814 1077 1855; x_wconf 90' lang='lat' dir='ltr'>nunc</span> <span class='ocrx_word' id='word_1_98' title='bbox 1090 1780 1304 1868; x_wconf 66' lang='lat' dir='ltr'>subclevatis,</span> <span class='ocrx_word' id='word_1_99' title='bbox 1315 1787 1614 1872; x_wconf 80' lang='lat' dir='ltr'>¹viridescentibur,</span> <span class='ocrx_word' id='word_1_100' title='bbox 1637 1819 1727 1862; x_wconf 88' lang='lat' dir='ltr'>nuuc</span> 
     </span>
     <span class='ocr_line' id='line_1_12' title="bbox 277 1884 1724 1987; baseline 0.002 -27"><span class='ocrx_word' id='word_1_101' title='bbox 277 1893 465 1987; x_wconf 88' lang='lat' dir='ltr'>simpliciter</span> <span class='ocrx_word' id='word_1_102' title='bbox 479 1896 614 1976; x_wconf 87' lang='lat' dir='ltr'>obtusis,</span> <span class='ocrx_word' id='word_1_103' title='bbox 631 1894 785 1984; x_wconf 75' lang='lat' dir='ltr'>hyaliuis,</span> <span class='ocrx_word' id='word_1_104' title='bbox 808 1896 897 1960; x_wconf 90' lang='lat' dir='ltr'>intus</span> <span class='ocrx_word' id='word_1_105' title='bbox 911 1891 1298 1960; x_wconf 85' lang='lat' dir='ltr'>transversalitertri-vel</span> <span class='ocrx_word' id='word_1_106' title='bbox 1307 1890 1598 1986; x_wconf 72' lang='lat' dir='ltr'>quadripunctats3</span> <span class='ocrx_word' id='word_1_107' title='bbox 1614 1884 1724 1987; x_wconf 60' lang='lat' dir='ltr'>puucss</span> 
     </span>
     <span class='ocr_line' id='line_1_13' title="bbox 277 1993 1725 2089; baseline 0 -25"><span class='ocrx_word' id='word_1_108' title='bbox 277 2002 314 2065; x_wconf 91' lang='lat' dir='ltr'>tis</span> <span class='ocrx_word' id='word_1_109' title='bbox 330 1997 379 2066; x_wconf 85' lang='lat' dir='ltr'>vel</span> <span class='ocrx_word' id='word_1_110' title='bbox 397 1998 541 2084; x_wconf 74' lang='lat' dir='ltr'>granulis</span> <span class='ocrx_word' id='word_1_111' title='bbox 556 1999 799 2080; x_wconf 78' lang='lat' dir='ltr'>minutissimis,</span> <span class='ocrx_word' id='word_1_112' title='bbox 819 1998 975 2066; x_wconf 89' lang='lat' dir='ltr'>rotundis</span> <span class='ocrx_word' id='word_1_113' title='bbox 991 1996 1043 2063; x_wconf 88' lang='lat' dir='ltr'>vel</span> <span class='ocrx_word' id='word_1_114' title='bbox 1059 1993 1308 2083; x_wconf 78' lang='lat' dir='ltr'>subqredrstis,</span> <span class='ocrx_word' id='word_1_115' title='bbox 1333 1997 1432 2076; x_wconf 88' lang='lat' dir='ltr'>binis,</span> <span class='ocrx_word' id='word_1_116' title='bbox 1458 2001 1558 2065; x_wconf 86' lang='lat' dir='ltr'>ternis</span> <span class='ocrx_word' id='word_1_117' title='bbox 1573 1999 1625 2066; x_wconf 82' lang='lat' dir='ltr'>vel</span> <span class='ocrx_word' id='word_1_118' title='bbox 1638 2023 1725 2089; x_wconf 18' lang='lat' dir='ltr'>,qya-</span> 
     </span>
     <span class='ocr_line' id='line_1_14' title="bbox 273 2097 1724 2195; baseline 0.001 -24"><span class='ocrx_word' id='word_1_119' title='bbox 273 2106 372 2171; x_wconf 88' lang='lat' dir='ltr'>ternis</span> <span class='ocrx_word' id='word_1_120' title='bbox 386 2107 421 2170; x_wconf 92' lang='lat' dir='ltr'>in</span> <span class='ocrx_word' id='word_1_121' title='bbox 443 2107 555 2195; x_wconf 83' lang='lat' dir='ltr'>qrsvis</span> <span class='ocrx_word' id='word_1_122' title='bbox 576 2106 660 2171; x_wconf 88' lang='lat' dir='ltr'>serie</span> <span class='ocrx_word' id='word_1_123' title='bbox 691 2102 955 2170; x_wconf 82' lang='lat' dir='ltr'>ususrersaliter</span> <span class='ocrx_word' id='word_1_124' title='bbox 977 2099 1165 2188; x_wconf 89' lang='lat' dir='ltr'>dispositis,</span> <span class='ocrx_word' id='word_1_125' title='bbox 1190 2097 1358 2162; x_wconf 86' lang='lat' dir='ltr'>interdum</span> <span class='ocrx_word' id='word_1_126' title='bbox 1379 2099 1532 2187; x_wconf 81' lang='lat' dir='ltr'>pluribus</span> <span class='ocrx_word' id='word_1_127' title='bbox 1553 2108 1724 2188; x_wconf 78' lang='lat' dir='ltr'>congestis,</span> 
     </span>
     <span class='ocr_line' id='line_1_15' title="bbox 270 2199 1726 2298; baseline -0.002 -23"><span class='ocrx_word' id='word_1_128' title='bbox 270 2227 304 2276; x_wconf 89' lang='lat' dir='ltr'>et</span> <span class='ocrx_word' id='word_1_129' title='bbox 320 2210 355 2275; x_wconf 89' lang='lat' dir='ltr'>in</span> <span class='ocrx_word' id='word_1_130' title='bbox 372 2209 436 2275; x_wconf 86' lang='lat' dir='ltr'>filis</span> <span class='ocrx_word' id='word_1_131' title='bbox 455 2211 657 2277; x_wconf 88' lang='lat' dir='ltr'>tenuioribus</span> <span class='ocrx_word' id='word_1_132' title='bbox 673 2215 766 2298; x_wconf 75' lang='lat' dir='ltr'>(nam</span> <span class='ocrx_word' id='word_1_133' title='bbox 784 2206 931 2274; x_wconf 87' lang='lat' dir='ltr'>crassitie</span> <span class='ocrx_word' id='word_1_134' title='bbox 947 2199 1120 2276; x_wconf 75' lang='lat' dir='ltr'>differunt)</span> <span class='ocrx_word' id='word_1_135' title='bbox 1138 2224 1203 2265; x_wconf 90' lang='lat' dir='ltr'>una</span> <span class='ocrx_word' id='word_1_136' title='bbox 1217 2206 1319 2266; x_wconf 89' lang='lat' dir='ltr'>modo</span> <span class='ocrx_word' id='word_1_137' title='bbox 1335 2201 1419 2267; x_wconf 90' lang='lat' dir='ltr'>serie</span> <span class='ocrx_word' id='word_1_138' title='bbox 1431 2203 1609 2294; x_wconf 83' lang='lat' dir='ltr'>dispositis.</span> <span class='ocrx_word' id='word_1_139' title='bbox 1656 2212 1726 2277; x_wconf 88' lang='lat' dir='ltr'>Co-</span> 
     </span>
     <span class='ocr_line' id='line_1_16' title="bbox 271 2303 1725 2405; baseline 0 -25"><span class='ocrx_word' id='word_1_140' title='bbox 271 2312 325 2381; x_wconf 91' lang='lat' dir='ltr'>lor</span> <span class='ocrx_word' id='word_1_141' title='bbox 339 2313 464 2405; x_wconf 84' lang='lat' dir='ltr'>pallide</span> <span class='ocrx_word' id='word_1_142' title='bbox 479 2317 612 2382; x_wconf 82' lang='lat' dir='ltr'>rubens.</span> <span class='ocrx_word' id='word_1_143' title='bbox 660 2312 850 2381; x_wconf 81' lang='lat' dir='ltr'>Substantia</span> <span class='ocrx_word' id='word_1_144' title='bbox 871 2309 1142 2388; x_wconf 80' lang='lat' dir='ltr'>membranacea,</span> <span class='ocrx_word' id='word_1_145' title='bbox 1165 2303 1274 2387; x_wconf 86' lang='lat' dir='ltr'>lenta,</span> <span class='ocrx_word' id='word_1_146' title='bbox 1296 2306 1511 2375; x_wconf 77' lang='lat' dir='ltr'>tenacissima.</span> <span class='ocrx_word' id='word_1_147' title='bbox 1557 2312 1725 2380; x_wconf 82' lang='lat' dir='ltr'>Perennis.</span> 
     </span>
     <span class='ocr_line' id='line_1_17' title="bbox 269 2417 1235 2492; baseline -0.014 -2"><span class='ocrx_word' id='word_1_148' title='bbox 269 2421 415 2492; x_wconf 77' lang='lat' dir='ltr'>Aestate.</span> <span class='ocrx_word' id='word_1_149' title='bbox 462 2421 592 2488; x_wconf 81' lang='lat' dir='ltr'>Chartae</span> <span class='ocrx_word' id='word_1_150' title='bbox 608 2418 766 2487; x_wconf 78' lang='lat' dir='ltr'>adheret.</span> <span class='ocrx_word' id='word_1_151' title='bbox 813 2417 968 2489; x_wconf 83' lang='lat' dir='ltr'>Siccitste</span> <span class='ocrx_word' id='word_1_152' title='bbox 992 2438 1062 2481; x_wconf 92' lang='lat' dir='ltr'>nou</span> <span class='ocrx_word' id='word_1_153' title='bbox 1077 2428 1235 2479; x_wconf 81' lang='lat' dir='ltr'>mutatur.</span> 
     </span>
    </p>
   </div>
   <div class='ocr_carea' id='block_1_5' title="bbox 13 2564 1919 2854">
    <p class='ocr_par' dir='ltr' id='par_1_5' title="bbox 13 2564 1919 2854">
     <span class='ocr_line' id='line_1_18' title="bbox 124 2564 1919 2717; baseline -0.004 -20"><span class='ocrx_word' id='word_1_154' title='bbox 124 2564 129 2571; x_wconf 16' lang='grc' dir='ltr'><strong><em>υ</em></strong></span> <span class='ocrx_word' id='word_1_155' title='bbox 206 2636 242 2703; x_wconf 69' lang='lat'>2.</span> <span class='ocrx_word' id='word_1_156' title='bbox 294 2624 341 2696; x_wconf 89' lang='lat' dir='ltr'>B.</span> <span class='ocrx_word' id='word_1_157' title='bbox 360 2618 722 2716; x_wconf 72' lang='lat' dir='ltr'>fusco-purpurea,</span> <span class='ocrx_word' id='word_1_158' title='bbox 752 2617 822 2688; x_wconf 86' lang='lat' dir='ltr'>filis</span> <span class='ocrx_word' id='word_1_159' title='bbox 841 2614 1045 2707; x_wconf 78' lang='lat' dir='ltr'>continuis,</span> <span class='ocrx_word' id='word_1_160' title='bbox 1073 2611 1315 2707; x_wconf 87' lang='lat' dir='ltr'>simplicibus,</span> <span class='ocrx_word' id='word_1_161' title='bbox 1340 2615 1466 2704; x_wconf 84' lang='lat' dir='ltr'>rectis,</span> <span class='ocrx_word' id='word_1_162' title='bbox 1496 2615 1723 2710; x_wconf 80' lang='lat' dir='ltr'>inseqvalitcr</span> <span class='ocrx_word' id='word_1_163' title='bbox 1747 2610 1840 2717; x_wconf 57' lang='lat' dir='ltr'>trah,</span> <span class='ocrx_word' id='word_1_164' title='bbox 1860 2638 1919 2716; x_wconf 62' lang='lat'>24</span> 
     </span>
     <span class='ocr_line' id='line_1_19' title="bbox 13 2750 1724 2854; baseline -0.002 -26"><span class='ocrx_word' id='word_1_165' title='bbox 13 2766 15 2789; x_wconf 63' lang='lat'>⁸</span> <span class='ocrx_word' id='word_1_166' title='bbox 141 2755 327 2849; x_wconf 73' lang='lat' dir='ltr'>tumulosis,</span> <span class='ocrx_word' id='word_1_167' title='bbox 359 2757 610 2854; x_wconf 74' lang='lat' dir='ltr'>granulifen‘s5</span> <span class='ocrx_word' id='word_1_168' title='bbox 638 2752 798 2852; x_wconf 67' lang='lat' dir='ltr'>grauidis</span> <span class='ocrx_word' id='word_1_169' title='bbox 820 2752 1028 2846; x_wconf 76' lang='lat' dir='ltr'>sphaericis,</span> <span class='ocrx_word' id='word_1_170' title='bbox 1054 2752 1094 2823; x_wconf 85' lang='lat' dir='ltr'>in</span> <span class='ocrx_word' id='word_1_171' title='bbox 1117 2752 1239 2846; x_wconf 82' lang='lat' dir='ltr'>quvis</span> <span class='ocrx_word' id='word_1_172' title='bbox 1260 2753 1354 2823; x_wconf 82' lang='lat' dir='ltr'>seris</span> <span class='ocrx_word' id='word_1_173' title='bbox 1368 2750 1610 2851; x_wconf 60' lang='lat' dir='ltr'>‚ususverseli</span> <span class='ocrx_word' id='word_1_174' title='bbox 1630 2754 1724 2847; x_wconf 49' lang='lat' dir='ltr'>subs</span> 
     </span>
    </p>
   </div>
   <div class='ocr_carea' id='block_1_6' title="bbox 140 2895 936 3100">
    <p class='ocr_par' dir='ltr' id='par_1_6' title="bbox 140 2895 936 3100">
     <span class='ocr_line' id='line_1_20' title="bbox 140 2895 457 2988; baseline 0 -23"><span class='ocrx_word' id='word_1_175' title='bbox 140 2895 254 2988; x_wconf 71' lang='lat' dir='ltr'>quinis</span> <span class='ocrx_word' id='word_1_176' title='bbox 270 2895 457 2987; x_wconf 86' lang='lat' dir='ltr'>dispositis.</span> 
     </span>
     <span class='ocr_line' id='line_1_21' title="bbox 271 3019 936 3100; baseline -0.008 -18"><span class='ocrx_word' id='word_1_177' title='bbox 271 3024 421 3100; x_wconf 80' lang='lat' dir='ltr'>Conferva</span> <span class='ocrx_word' id='word_1_178' title='bbox 431 3025 669 3100; x_wconf 77' lang='lat' dir='ltr'>suscopurpursa</span> <span class='ocrx_word' id='word_1_179' title='bbox 689 3020 782 3078; x_wconf 69' lang='lat' dir='ltr'>ntus.</span> <span class='ocrx_word' id='word_1_180' title='bbox 802 3019 874 3078; x_wconf 85' lang='lat' dir='ltr'>Trb.</span> <span class='ocrx_word' id='word_1_181' title='bbox 891 3034 936 3091; x_wconf 75' lang='lat'>9²»</span> 
     </span>
    </p>
   </div>
   <div class='ocr_carea' id='block_1_7' title="bbox 187 3205 957 3307">
    <p class='ocr_par' dir='ltr' id='par_1_7' title="bbox 187 3205 957 3307">
     <span class='ocr_line' id='line_1_22' title="bbox 187 3205 957 3307; baseline -0.013 -24"><span class='ocrx_word' id='word_1_182' title='bbox 187 3205 232 3307; x_wconf 78' lang='grc' dir='ltr'>β)</span> <span class='ocrx_word' id='word_1_183' title='bbox 255 3222 552 3306; x_wconf 83' lang='lat' dir='ltr'>utropurpurea,</span> <span class='ocrx_word' id='word_1_184' title='bbox 583 3210 652 3283; x_wconf 90' lang='lat' dir='ltr'>filis</span> <span class='ocrx_word' id='word_1_185' title='bbox 671 3205 957 3302; x_wconf 84' lang='lat' dir='ltr'>atropurpursis.</span> 
     </span>
    </p>
   </div>
   <div class='ocr_carea' id='block_1_8' title="bbox 269 3334 1723 3581">
    <p class='ocr_par' dir='ltr' id='par_1_8' title="bbox 269 3334 1723 3581">
     <span class='ocr_line' id='line_1_23' title="bbox 269 3334 1723 3468; baseline -0.003 -71"><span class='ocrx_word' id='word_1_186' title='bbox 269 3343 419 3466; x_wconf 43' lang='lat' dir='ltr'>Csnffierpa</span> <span class='ocrx_word' id='word_1_187' title='bbox 438 3361 645 3468; x_wconf 63' lang='lat' dir='ltr'>arrepurpurea</span> <span class='ocrx_word' id='word_1_188' title='bbox 662 3338 754 3398; x_wconf 82' lang='lat' dir='ltr'>Dillrr.</span> <span class='ocrx_word' id='word_1_189' title='bbox 774 3336 846 3394; x_wconf 83' lang='lat' dir='ltr'>st.</span> <span class='ocrx_word' id='word_1_190' title='bbox 868 3345 928 3401; x_wconf 66' lang='grc' dir='ltr'>ινδ.</span> <span class='ocrx_word' id='word_1_191' title='bbox 948 3345 984 3378; x_wconf 64' lang='lat' dir='ltr'>d·</span> <span class='ocrx_word' id='word_1_192' title='bbox 1001 3334 1086 3392; x_wconf 80' lang='lat' dir='ltr'>Roth.</span> <span class='ocrx_word' id='word_1_193' title='bbox 1108 3335 1170 3394; x_wconf 82' lang='lat' dir='ltr'>Crr.</span> <span class='ocrx_word' id='word_1_194' title='bbox 1189 3334 1247 3396; x_wconf 81' lang='lat' dir='ltr'>bor.</span> <span class='ocrx_word' id='word_1_195' title='bbox 1267 3348 1293 3409; x_wconf 76' lang='grc'>3,</span> <span class='ocrx_word' id='word_1_196' title='bbox 1309 3359 1339 3416; x_wconf 86' lang='lat' dir='ltr'>p.</span> <span class='ocrx_word' id='word_1_197' title='bbox 1354 3355 1414 3411; x_wconf 71' lang='lat' dir='ltr'>sog.</span> <span class='ocrx_word' id='word_1_198' title='bbox 1431 3338 1504 3398; x_wconf 65' lang='lat' dir='ltr'>rea.</span> <span class='ocrx_word' id='word_1_199' title='bbox 1525 3337 1563 3395; x_wconf 75' lang='lat' dir='ltr'>dl</span> <span class='ocrx_word' id='word_1_200' title='bbox 1578 3370 1607 3390; x_wconf 86' lang='lat'>-</span> <span class='ocrx_word' id='word_1_201' title='bbox 1626 3338 1723 3399; x_wconf 78' lang='lat' dir='ltr'>Wrbl,</span> 
     </span>
     <span class='ocr_line' id='line_1_24' title="bbox 355 3431 584 3470; baseline -0.022 0"><span class='ocrx_word' id='word_1_202' title='bbox 355 3455 362 3470; x_wconf 92' lang='lat'><strong>.</strong></span> <span class='ocrx_word' id='word_1_203' title='bbox 394 3431 409 3466; x_wconf 80' lang='lat' dir='ltr'>r</span> <span class='ocrx_word' id='word_1_204' title='bbox 450 3431 504 3467; x_wconf 85' lang='lat' dir='ltr'>.n.</span> <span class='ocrx_word' id='word_1_205' title='bbox 576 3450 584 3465; x_wconf 85' lang='grc'><strong>.</strong></span> 
     </span>
     <span class='ocr_line' id='line_1_25' title="bbox 321 3425 937 3581; baseline -0.002 -14"><span class='ocrx_word' id='word_1_206' title='bbox 321 3543 357 3558; x_wconf 93' lang='grc'>-</span> <span class='ocrx_word' id='word_1_207' title='bbox 411 3425 586 3567; x_wconf 55' lang='lat' dir='ltr'>plrtcbtidsr</span> <span class='ocrx_word' id='word_1_208' title='bbox 610 3512 727 3570; x_wconf 81' lang='lat' dir='ltr'>Duelus.</span> <span class='ocrx_word' id='word_1_209' title='bbox 745 3510 824 3566; x_wconf 79' lang='lat' dir='ltr'>Essri</span> <span class='ocrx_word' id='word_1_210' title='bbox 845 3529 873 3581; x_wconf 88' lang='lat' dir='ltr'>p.</span> <span class='ocrx_word' id='word_1_211' title='bbox 892 3519 937 3580; x_wconf 74' lang='lat'>39.</span> 
     </span>
    </p>
   </div>
   <div class='ocr_carea' id='block_1_9' title="bbox 223 3608 974 3698">
    <p class='ocr_par' dir='ltr' id='par_1_9' title="bbox 223 3608 974 3698">
     <span class='ocr_line' id='line_1_26' title="bbox 223 3608 974 3698; baseline 0.003 -35"><span class='ocrx_word' id='word_1_212' title='bbox 223 3685 236 3698; x_wconf 32' lang='grc' dir='ltr'>ἱ</span> <span class='ocrx_word' id='word_1_213' title='bbox 277 3613 467 3665; x_wconf 70' lang='grc' dir='ltr'><strong><em>Οκὶὶὶαιονία</em></strong></span> <span class='ocrx_word' id='word_1_214' title='bbox 485 3626 697 3679; x_wconf 80' lang='lat' dir='ltr'>atropurpurea</span> <span class='ocrx_word' id='word_1_215' title='bbox 713 3613 760 3679; x_wconf 73' lang='lat' dir='ltr'>Ag.</span> <span class='ocrx_word' id='word_1_216' title='bbox 780 3608 847 3679; x_wconf 78' lang='lat' dir='ltr'>Syn.</span> <span class='ocrx_word' id='word_1_217' title='bbox 866 3630 892 3684; x_wconf 85' lang='lat' dir='ltr'>p.</span> <span class='ocrx_word' id='word_1_218' title='bbox 917 3628 974 3684; x_wconf 83' lang='lat'><strong>109.</strong></span> 
     </span>
    </p>
   </div>
   <div class='ocr_carea' id='block_1_10' title="bbox 131 3746 1722 3986">
    <p class='ocr_par' dir='ltr' id='par_1_10' title="bbox 131 3746 1722 3986">
     <span class='ocr_line' id='line_1_27' title="bbox 135 3746 1722 3848; baseline 0.002 -27"><span class='ocrx_word' id='word_1_219' title='bbox 135 3748 295 3821; x_wconf 84' lang='lat' dir='ltr'>Habitat</span> <span class='ocrx_word' id='word_1_220' title='bbox 320 3748 368 3821; x_wconf 83' lang='lat' dir='ltr'>ad</span> <span class='ocrx_word' id='word_1_221' title='bbox 389 3746 511 3820; x_wconf 84' lang='lat' dir='ltr'>littora</span> <span class='ocrx_word' id='word_1_222' title='bbox 534 3749 740 3822; x_wconf 83' lang='lat' dir='ltr'>Fseroensia</span> <span class='ocrx_word' id='word_1_223' title='bbox 761 3754 800 3823; x_wconf 92' lang='lat' dir='ltr'>iu</span> <span class='ocrx_word' id='word_1_224' title='bbox 824 3776 966 3827; x_wconf 88' lang='lat' dir='ltr'>summo</span> <span class='ocrx_word' id='word_1_225' title='bbox 990 3752 1149 3827; x_wconf 84' lang='lat' dir='ltr'>refluxus</span> <span class='ocrx_word' id='word_1_226' title='bbox 1180 3752 1297 3833; x_wconf 86' lang='lat' dir='ltr'>limite</span> <span class='ocrx_word' id='word_1_227' title='bbox 1322 3776 1421 3848; x_wconf 81' lang='lat' dir='ltr'>saepc</span> <span class='ocrx_word' id='word_1_228' title='bbox 1445 3754 1636 3827; x_wconf 79' lang='lat' dir='ltr'>denudato.</span> <span class='ocrx_word' id='word_1_229' title='bbox 1671 3790 1722 3811; x_wconf 87' lang='lat'>--</span> 
     </span>
     <span class='ocr_line' id='line_1_28' title="bbox 131 3880 1421 3986; baseline 0.005 -33"><span class='ocrx_word' id='word_1_230' title='bbox 131 3882 177 3977; x_wconf 80' lang='grc' dir='ltr'>β.</span> <span class='ocrx_word' id='word_1_231' title='bbox 203 3884 312 3976; x_wconf 80' lang='lat' dir='ltr'>paulo</span> <span class='ocrx_word' id='word_1_232' title='bbox 325 3883 425 3956; x_wconf 78' lang='lat' dir='ltr'>infre</span> <span class='ocrx_word' id='word_1_233' title='bbox 438 3888 665 3979; x_wconf 84' lang='lat' dir='ltr'>superficiem</span> <span class='ocrx_word' id='word_1_234' title='bbox 675 3889 784 3960; x_wconf 85' lang='lat' dir='ltr'>meris</span> <span class='ocrx_word' id='word_1_235' title='bbox 796 3892 931 3983; x_wconf 87' lang='lat' dir='ltr'>rarius,</span> <span class='ocrx_word' id='word_1_236' title='bbox 956 3903 999 3962; x_wconf 89' lang='lat' dir='ltr'>ut</span> <span class='ocrx_word' id='word_1_237' title='bbox 1022 3893 1070 3963; x_wconf 80' lang='lat' dir='ltr'>cd</span> <span class='ocrx_word' id='word_1_238' title='bbox 1090 3889 1241 3986; x_wconf 81' lang='lat' dir='ltr'>Eldevig</span> <span class='ocrx_word' id='word_1_239' title='bbox 1258 3880 1421 3965; x_wconf 82' lang='lat' dir='ltr'>Osterbe.</span> 
     </span>
    </p>
   </div>
   <div class='ocr_carea' id='block_1_11' title="bbox 181 4047 1723 4567">
    <p class='ocr_par' dir='ltr' id='par_1_11' title="bbox 181 4047 1723 4567">
     <span class='ocr_line' id='line_1_29' title="bbox 181 4047 1723 4147; baseline 0.003 -32"><span class='ocrx_word' id='word_1_240' title='bbox 181 4048 310 4116; x_wconf 82' lang='lat' dir='ltr'><strong>DESC.</strong></span> <span class='ocrx_word' id='word_1_241' title='bbox 354 4047 458 4117; x_wconf 82' lang='lat' dir='ltr'>Radix</span> <span class='ocrx_word' id='word_1_242' title='bbox 471 4052 697 4132; x_wconf 83' lang='lat' dir='ltr'>minutissima,</span> <span class='ocrx_word' id='word_1_243' title='bbox 711 4053 960 4143; x_wconf 88' lang='lat' dir='ltr'>punctisormis,</span> <span class='ocrx_word' id='word_1_244' title='bbox 987 4059 1072 4125; x_wconf 79' lang='lat' dir='ltr'>saris</span> <span class='ocrx_word' id='word_1_245' title='bbox 1090 4057 1271 4127; x_wconf 87' lang='lat' dir='ltr'>declivibus</span> <span class='ocrx_word' id='word_1_246' title='bbox 1288 4059 1417 4125; x_wconf 78' lang='lat' dir='ltr'>adnata.</span> <span class='ocrx_word' id='word_1_247' title='bbox 1465 4055 1620 4147; x_wconf 85' lang='lat' dir='ltr'>Caespites</span> <span class='ocrx_word' id='word_1_248' title='bbox 1635 4076 1723 4147; x_wconf 87' lang='lat' dir='ltr'>pen-</span> 
     </span>
     <span class='ocr_line' id='line_1_30' title="bbox 267 4151 1723 4255; baseline 0.006 -36"><span class='ocrx_word' id='word_1_249' title='bbox 267 4151 349 4219; x_wconf 89' lang='lat' dir='ltr'>duli.</span> <span class='ocrx_word' id='word_1_250' title='bbox 397 4153 471 4220; x_wconf 81' lang='lat' dir='ltr'>Fila</span> <span class='ocrx_word' id='word_1_251' title='bbox 487 4173 675 4241; x_wconf 79' lang='lat' dir='ltr'>aggregata,</span> <span class='ocrx_word' id='word_1_252' title='bbox 700 4157 784 4226; x_wconf 89' lang='lat' dir='ltr'>duos</span> <span class='ocrx_word' id='word_1_253' title='bbox 799 4157 853 4226; x_wconf 81' lang='lat' dir='ltr'>vel</span> <span class='ocrx_word' id='word_1_254' title='bbox 870 4177 936 4227; x_wconf 90' lang='lat' dir='ltr'>tres</span> <span class='ocrx_word' id='word_1_255' title='bbox 952 4161 1089 4254; x_wconf 88' lang='lat' dir='ltr'>pollices</span> <span class='ocrx_word' id='word_1_256' title='bbox 1107 4163 1222 4249; x_wconf 79' lang='lat' dir='ltr'>longa,</span> <span class='ocrx_word' id='word_1_257' title='bbox 1248 4163 1406 4255; x_wconf 86' lang='lat' dir='ltr'>capillum</span> <span class='ocrx_word' id='word_1_258' title='bbox 1433 4163 1613 4251; x_wconf 86' lang='lat' dir='ltr'>humanum</span> <span class='ocrx_word' id='word_1_259' title='bbox 1629 4185 1723 4227; x_wconf 87' lang='lat' dir='ltr'>cras-</span> 
     </span>
     <span class='ocr_line' id='line_1_31' title="bbox 269 4257 1721 4356; baseline 0.006 -32"><span class='ocrx_word' id='word_1_260' title='bbox 269 4257 341 4324; x_wconf 88' lang='lat' dir='ltr'>sitie</span> <span class='ocrx_word' id='word_1_261' title='bbox 363 4262 543 4349; x_wconf 77' lang='lat' dir='ltr'>eqvantis,</span> <span class='ocrx_word' id='word_1_262' title='bbox 568 4262 779 4345; x_wconf 85' lang='lat' dir='ltr'>rectiuseula,</span> <span class='ocrx_word' id='word_1_263' title='bbox 806 4264 968 4348; x_wconf 80' lang='lat' dir='ltr'>flaccida,</span> <span class='ocrx_word' id='word_1_264' title='bbox 992 4266 1142 4351; x_wconf 81' lang='lat' dir='ltr'>elastica3</span> <span class='ocrx_word' id='word_1_265' title='bbox 1172 4269 1233 4336; x_wconf 89' lang='lat' dir='ltr'>sub</span> <span class='ocrx_word' id='word_1_266' title='bbox 1255 4265 1343 4333; x_wconf 83' lang='lat' dir='ltr'>lente</span> <span class='ocrx_word' id='word_1_267' title='bbox 1361 4265 1553 4356; x_wconf 85' lang='lat' dir='ltr'>iuaeqvalia,</span> <span class='ocrx_word' id='word_1_268' title='bbox 1579 4265 1662 4333; x_wconf 82' lang='lat' dir='ltr'>adeo</span> <span class='ocrx_word' id='word_1_269' title='bbox 1684 4284 1721 4332; x_wconf 92' lang='lat' dir='ltr'>ut</span> 
     </span>
     <span class='ocr_line' id='line_1_32' title="bbox 267 4363 1720 4460; baseline 0.006 -33"><span class='ocrx_word' id='word_1_270' title='bbox 267 4363 416 4428; x_wconf 85' lang='lat' dir='ltr'>tenuiora</span> <span class='ocrx_word' id='word_1_271' title='bbox 433 4366 650 4432; x_wconf 87' lang='lat' dir='ltr'>crassioribus</span> <span class='ocrx_word' id='word_1_272' title='bbox 666 4369 732 4435; x_wconf 86' lang='lat' dir='ltr'>sint</span> <span class='ocrx_word' id='word_1_273' title='bbox 745 4371 914 4446; x_wconf 80' lang='lat' dir='ltr'>immixta,</span> <span class='ocrx_word' id='word_1_274' title='bbox 939 4373 995 4438; x_wconf 91' lang='lat' dir='ltr'>hic</span> <span class='ocrx_word' id='word_1_275' title='bbox 1013 4372 1081 4438; x_wconf 91' lang='lat' dir='ltr'>illic</span> <span class='ocrx_word' id='word_1_276' title='bbox 1098 4389 1284 4451; x_wconf 86' lang='lat' dir='ltr'>contracta,</span> <span class='ocrx_word' id='word_1_277' title='bbox 1309 4367 1456 4460; x_wconf 85' lang='lat' dir='ltr'>apicibus</span> <span class='ocrx_word' id='word_1_278' title='bbox 1474 4368 1608 4448; x_wconf 84' lang='lat' dir='ltr'>obtuse,</span> <span class='ocrx_word' id='word_1_279' title='bbox 1632 4372 1720 4436; x_wconf 88' lang='lat' dir='ltr'>intus</span> 
     </span>
     <span class='ocr_line' id='line_1_33' title="bbox 267 4465 1720 4567; baseline 0.008 -37"><span class='ocrx_word' id='word_1_280' title='bbox 267 4465 460 4550; x_wconf 77' lang='lat' dir='ltr'>granulosa3</span> <span class='ocrx_word' id='word_1_281' title='bbox 486 4468 622 4553; x_wconf 82' lang='lat' dir='ltr'>granula</span> <span class='ocrx_word' id='word_1_282' title='bbox 637 4471 791 4556; x_wconf 79' lang='lat' dir='ltr'>globosa,</span> <span class='ocrx_word' id='word_1_283' title='bbox 817 4476 853 4540; x_wconf 88' lang='lat' dir='ltr'>in</span> <span class='ocrx_word' id='word_1_284' title='bbox 871 4479 984 4567; x_wconf 80' lang='lat' dir='ltr'>qvavis</span> <span class='ocrx_word' id='word_1_285' title='bbox 1007 4479 1092 4544; x_wconf 84' lang='lat' dir='ltr'>serie</span> <span class='ocrx_word' id='word_1_286' title='bbox 1112 4474 1321 4543; x_wconf 82' lang='lat' dir='ltr'>transversali</span> <span class='ocrx_word' id='word_1_287' title='bbox 1347 4489 1524 4565; x_wconf 79' lang='lat' dir='ltr'>qvaterns,</span> <span class='ocrx_word' id='word_1_288' title='bbox 1546 4473 1645 4563; x_wconf 74' lang='lat' dir='ltr'>qvinn</span> <span class='ocrx_word' id='word_1_289' title='bbox 1667 4471 1720 4538; x_wconf 87' lang='lat' dir='ltr'>vel</span> 
     </span>
    </p>
   </div>
   <div class='ocr_carea' id='block_1_12' title="bbox 268 4566 1720 4761">
    <p class='ocr_par' dir='ltr' id='par_1_12' title="bbox 268 4566 1720 4761">
     <span class='ocr_line' id='line_1_34' title="bbox 268 4566 1720 4672; baseline 0.005 -37"><span class='ocrx_word' id='word_1_290' title='bbox 268 4568 363 4660; x_wconf 83' lang='lat' dir='ltr'>plura</span> <span class='ocrx_word' id='word_1_291' title='bbox 377 4569 568 4639; x_wconf 88' lang='lat' dir='ltr'>densissime</span> <span class='ocrx_word' id='word_1_292' title='bbox 591 4574 763 4667; x_wconf 86' lang='lat' dir='ltr'>disposita.</span> <span class='ocrx_word' id='word_1_293' title='bbox 810 4578 916 4648; x_wconf 87' lang='lat' dir='ltr'>Color</span> <span class='ocrx_word' id='word_1_294' title='bbox 941 4582 1069 4666; x_wconf 79' lang='lat' dir='ltr'>fuscus,</span> <span class='ocrx_word' id='word_1_295' title='bbox 1094 4581 1198 4648; x_wconf 90' lang='lat' dir='ltr'>rubro</span> <span class='ocrx_word' id='word_1_296' title='bbox 1221 4576 1332 4672; x_wconf 85' lang='lat' dir='ltr'>sliqvo</span> <span class='ocrx_word' id='word_1_297' title='bbox 1358 4581 1489 4648; x_wconf 80' lang='lat' dir='ltr'>tinctus.</span> <span class='ocrx_word' id='word_1_298' title='bbox 1531 4566 1720 4647; x_wconf 77' lang='lat' dir='ltr'>Substantia</span> 
     </span>
     <span class='ocr_line' id='line_1_35' title="bbox 272 4675 1450 4761; baseline -0.001 -24"><span class='ocrx_word' id='word_1_299' title='bbox 272 4675 535 4761; x_wconf 80' lang='lat' dir='ltr'>membranacea,</span> <span class='ocrx_word' id='word_1_300' title='bbox 560 4695 667 4746; x_wconf 78' lang='lat' dir='ltr'>tenax.</span> <span class='ocrx_word' id='word_1_301' title='bbox 1442 4692 1450 4701; x_wconf 64' lang='grc'><em>“</em></span> 
     </span>
    </p>
   </div>
   <div class='ocr_carea' id='block_1_13' title="bbox 269 4918 1719 5020">
    <p class='ocr_par' dir='ltr' id='par_1_13' title="bbox 269 4918 1719 5020">
     <span class='ocr_line' id='line_1_36' title="bbox 269 4918 1719 5020; baseline 0.009 -39"><span class='ocrx_word' id='word_1_302' title='bbox 269 4918 340 4983; x_wconf 86' lang='lat' dir='ltr'>orbi</span> <span class='ocrx_word' id='word_1_303' title='bbox 359 4928 474 4988; x_wconf 79' lang='lat' dir='ltr'>eximie</span> <span class='ocrx_word' id='word_1_304' title='bbox 490 4930 637 5013; x_wconf 71' lang='lat' dir='ltr'>cognitus</span> <span class='ocrx_word' id='word_1_305' title='bbox 652 4944 719 5006; x_wconf 82' lang='lat' dir='ltr'>ert,</span> <span class='ocrx_word' id='word_1_306' title='bbox 744 4935 798 5018; x_wconf 78' lang='lat' dir='ltr'>qvi</span> <span class='ocrx_word' id='word_1_307' title='bbox 815 4935 910 4996; x_wconf 85' lang='lat' dir='ltr'>etism</span> <span class='ocrx_word' id='word_1_308' title='bbox 933 4930 1036 5005; x_wconf 83' lang='lat' dir='ltr'>mihi,</span> <span class='ocrx_word' id='word_1_309' title='bbox 1066 4934 1108 4996; x_wconf 88' lang='lat' dir='ltr'>sd</span> <span class='ocrx_word' id='word_1_310' title='bbox 1133 4934 1334 5020; x_wconf 77' lang='lat' dir='ltr'>Aigoiogtam</span> <span class='ocrx_word' id='word_1_311' title='bbox 1359 4942 1502 4999; x_wconf 71' lang='lat' dir='ltr'>animum</span> <span class='ocrx_word' id='word_1_312' title='bbox 1532 4934 1719 5020; x_wconf 75' lang='lat' dir='ltr'>sppcllsnu,</span> 
     </span>
    </p>
   </div>
   <div class='ocr_carea' id='block_1_14' title="bbox 266 5022 1720 5200">
    <p class='ocr_par' dir='ltr' id='par_1_14' title="bbox 266 5022 1720 5200">
     <span class='ocr_line' id='line_1_37' title="bbox 266 5022 1720 5194; baseline 0.01 -108"><span class='ocrx_word' id='word_1_313' title='bbox 266 5022 441 5194; x_wconf 50' lang='lat' dir='ltr'>lp&#39;snsvolas</span> <span class='ocrx_word' id='word_1_314' title='bbox 461 5032 522 5094; x_wconf 80' lang='lat' dir='ltr'>fult</span> <span class='ocrx_word' id='word_1_315' title='bbox 537 5035 668 5118; x_wconf 79' lang='lat' dir='ltr'>sdjutor</span> <span class='ocrx_word' id='word_1_316' title='bbox 682 5052 715 5101; x_wconf 84' lang='lat' dir='ltr'>et</span> <span class='ocrx_word' id='word_1_317' title='bbox 727 5054 932 5125; x_wconf 71' lang='lat' dir='ltr'>preceptor,</span> <span class='ocrx_word' id='word_1_318' title='bbox 953 5035 1016 5101; x_wconf 83' lang='lat' dir='ltr'>hoc</span> <span class='ocrx_word' id='word_1_319' title='bbox 1032 5060 1131 5123; x_wconf 78' lang='lat' dir='ltr'>genus</span> <span class='ocrx_word' id='word_1_320' title='bbox 1147 5046 1183 5106; x_wconf 84' lang='lat' dir='ltr'>iu</span> <span class='ocrx_word' id='word_1_321' title='bbox 1198 5044 1281 5127; x_wconf 75' lang='lat' dir='ltr'>grati</span> <span class='ocrx_word' id='word_1_322' title='bbox 1302 5042 1401 5105; x_wconf 78' lang='lat' dir='ltr'>enimi</span> <span class='ocrx_word' id='word_1_323' title='bbox 1416 5045 1645 5110; x_wconf 83' lang='lat' dir='ltr'>documentum</span> <span class='ocrx_word' id='word_1_324' title='bbox 1664 5037 1720 5101; x_wconf 83' lang='lat' dir='ltr'>de·</span> 
     </span>
     <span class='ocr_line' id='line_1_38' title="bbox 294 5134 527 5200; baseline 0.021 -6"><span class='ocrx_word' id='word_1_325' title='bbox 294 5135 411 5198; x_wconf 81' lang='lat' dir='ltr'>‘catum</span> <span class='ocrx_word' id='word_1_326' title='bbox 428 5134 527 5200; x_wconf 81' lang='lat' dir='ltr'>volut.</span> 
     </span>
    </p>
   </div>
   <div class='ocr_carea' id='block_1_15' title="bbox 1222 5252 1326 5340">
    <p class='ocr_par' dir='ltr' id='par_1_15' title="bbox 1222 5252 1326 5340">
     <span class='ocr_line' id='line_1_39' title="bbox 1222 5252 1326 5340; baseline 0.087 -13"><span class='ocrx_word' id='word_1_327' title='bbox 1222 5252 1326 5340; x_wconf 65' lang='grc' dir='ltr'>(η’)</span> 
     </span>
    </p>
   </div>
   <div class='ocr_carea' id='block_1_16' title="bbox 0 0 2390 6103">
    <p class='ocr_par' dir='ltr' id='par_1_16' title="bbox 0 0 2390 6103">
     <span class='ocr_line' id='line_1_40' title="bbox 0 0 2390 6103; baseline 0 0"><span class='ocrx_word' id='word_1_328' title='bbox 0 0 2390 6103; x_wconf 95' lang='lat' dir='ltr'> </span> 
     </span>
    </p>
   </div>
  </div>
 </body>
</html>
