4772 6106
703 469 756 552 92
1002 450 1176 523 suerro
1202 446 1440 521 saouunA.
1502 449 1880 528 osonatroau.

700 660 825 730 DESC.
873 659 1018 724 Stratum
1031 681 1223 748 expansum,
1246 657 1401 723 latissime
1414 675 1539 749 patens,
1561 659 1666 726 ulnari
1682 660 1872 752 orgyaliqvc
1888 660 2087 739 extensione,
2111 660 2231 727 lineam

785 786 885 844 anam
900 762 1075 829 alteramve
1092 786 1256 839 crassum,
1280 764 1390 852 primo
1405 786 1480 829 vere
1496 765 1528 827 in
1549 764 1652 831 lurido
1668 768 1808 831 astuarii
1822 765 1943 846 latens,
1967 766 2118 855 idemqve
2140 764 2231 831 vela-

728 900 743 914 *
784 871 873 933 mine
887 894 946 935 suo
963 868 1066 933 denso
1082 885 1236 958 tanqum
1252 869 1424 951 obtegens,
1450 867 1569 934 deiude
1585 872 1696 936 aestivo
1711 889 1861 962 tempore
1876 888 1908 935 et
1930 887 2087 936 autumno
2111 869 2166 933 hie
2187 866 2232 932 il-

783 972 827 1039 lic
842 998 933 1064 aqvae
948 971 1133 1064 superficiei
1148 974 1318 1052 innatans,
1342 976 1469 1056 magnis
1492 973 1590 1038 bullis
1608 977 1821 1054 instructum,
1845 993 2013 1065 stratoqvc
2032 975 2151 1040 limoso
2173 996 2233 1038 su-

783 1078 1049 1170 perincumbens.
1116 1076 1188 1142 Fila
1208 1076 1387 1167 simplicia,
1421 1079 1594 1158 continua,
1626 1078 1726 1145 dense
1750 1082 1920 1160 intricata,
1953 1079 2036 1145 adeo
2059 1096 2233 1145 uteorum

783 1182 958 1266 longitudo
973 1206 1057 1266 segre
1073 1180 1330 1261 determinetur,
1354 1180 1512 1271 capillum
1531 1181 1709 1248 humanum
1726 1209 1851 1264 crassa,
1879 1181 2128 1261 fusco-viridia,
2154 1183 2232 1246 ubi-

697 1292 700 1297 ’
753 1312 848 1381 xqve
865 1286 1018 1377 aeqvalia,
1040 1288 1134 1376 apice
1151 1288 1286 1366 obtusa,
1310 1311 1378 1351 non
1393 1285 1575 1351 oscillantia
1588 1285 1642 1353 vel
1663 1288 1833 1353 radiantia.
1881 1290 1974 1355 striae
1999 1283 2232 1351 transversales

784 1391 880 1459 facile
902 1392 1105 1482 conspicuas,
1128 1391 1346 1471 densissimae,
1371 1392 1546 1457 crassiores
1567 1389 1622 1455 hio
1645 1389 1713 1457 illic
1732 1394 1935 1460 tenuioribus
1958 1393 2122 1456 immixta.
2171 1390 2232 1453 In-

785 1498 924 1561 terstitia
938 1496 1145 1577 brevissima,
1170 1496 1354 1586 pellucido,
1380 1492 1560 1561 intervallis
1583 1494 1788 1578 longioribus
1808 1495 1948 1586 hyalinis
1967 1495 2056 1560 haud
2079 1518 2155 1561 raro
2174 1494 2232 1556 in-

784 1603 936 1685 terjectis.
983 1600 1087 1667 Color
1102 1604 1242 1692 caespitis
1261 1604 1381 1669 fuscus.
1429 1601 1616 1668 Substantia
1635 1617 1757 1666 tenera.
1804 1600 1917 1667 Verno
1936 1617 2083 1690 ternpore
2105 1597 2148 1664 ad
2168 1621 2231 1661 au-

783 1724 944 1771 tumnum.
992 1706 1121 1771 (iliartae
1135 1704 1207 1772 laxe
1222 1706 1379 1773 adhaeret.

697 1859 790 1937 OBS.
817 1834 822 1843 .
838 1854 1010 1944 Conservis
1026 1871 1163 1947 stuposa
1175 1860 1278 1923 Roth.
1301 1861 1356 1925 vix
1372 1860 1413 1923 ab
1428 1858 1489 1923 bac
1505 1855 1615 1947 specie
1630 1853 1772 1922 diversa.

452 2048 543 2123 Tab.
562 2056 621 2132 27.
723 2069 781 2139 12.
836 2058 878 2125 Ο.
895 2053 1219 2144 elathonoplustes3
1245 2055 1313 2123 filis
1339 2054 1579 2145 simplicibus,
1603 2056 1797 2143 viridibus,
1822 2053 2089 2140 minutissimis,
2109 2051 2235 2143 hyali-

647 2196 722 2282 nis,
748 2190 892 2285 rigidis,
916 2191 1067 2280 strictis,
1089 2192 1128 2261 in
1144 2189 1273 2284 vagina
1289 2187 1557 2281 subpellusida‚
1580 2187 1739 2279 lubrica,
1765 2189 1975 2258 densissime
1997 2197 2033 2257 et
2055 2183 2235 2280 parallelo

647 2327 809 2401 inclusis.

782 2491 933 2563 Conferva
952 2492 1187 2564 chelonoplastes
1206 2494 1242 2549 Pl.
1264 2493 1291 2547 d.
1311 2496 1381 2550 Tib.
1405 2505 1478 2568 1485.

783 2598 975 2650 Osetllatoria
995 2596 1232 2668 ebibonoplastes
1249 2596 1390 2651 Hofmaun
1409 2598 1487 2668 Bsng
1507 2596 1541 2650 do
1558 2613 1611 2649 utu
1632 2596 1760 2651 Conlsrv.
1779 2615 1806 2667 p.
1829 2613 1870 2666 19
1892 2615 1915 2648 c.
1935 2594 2023 2649 icone.

783 2699 958 2767 Glojonema
979 2698 1215 2769 cbtlvonoplastet
1238 2700 1285 2766 Ag.
1306 2700 1369 2771 Syn.
1389 2720 1416 2773 p.
1442 2721 1499 2755 παι.

699 2846 746 2944 β)
770 2846 974 2940 vaginam
998 2849 1065 2919 filis
1084 2852 1277 2941 viridibus,
1304 2857 1564 2944 minutissimis,
1587 2857 1917 2948 hyalinis,1igidis,
1939 2857 1978 2925 in
1991 2854 2121 2946 vagina
2137 2848 2237 2947 sub}

749 2981 932 3076 pellucidis
943 2983 1083 3053 lubrica
1098 2983 1260 3075 inclusis,
1282 2997 1487 3080 terramqve
1498 2988 1801 3079 perreptuntibus.

782 3151 971 3203 oscillatoria
989 3157 1135 3221 vaginam
1158 3148 1266 3205 Vaucb.
1288 3168 1315 3222 p.
1337 3167 1396 3202 200.
1417 3149 1489 3205 Tab.
1515 3168 1554 3219 ¹5·
1575 3150 1619 3220 fig.
1641 3162 1681 3215 ις.

782 3250 929 3324 (Σωψννα
946 3259 1092 3323 vaginam
1115 3250 1208 3308 Dillw.
1230 3250 1300 3307 Tab.
1321 3270 1365 3323 99.
1385 3269 1412 3307 et
1429 3253 1534 3310 Introd.
1555 3273 1583 3326 p.
1603 3262 1647 3321 4ο.
1666 3278 1703 3293 -
1721 3252 1799 3323 Engl.
1822 3251 1880 3305 bot.
1898 3251 1970 3307 Tab.
1994 3269 2068 3324 1995.

648 3397 802 3469 Habitat
815 3399 854 3465 in
868 3396 960 3466 vado
974 3392 1142 3462 sabuloso
1160 3395 1259 3463 sinus
1276 3395 1511 3485 Othiniensis,
1527 3392 1732 3484 Hofmann
1748 3393 1872 3485 Bang.
1892 3428 1941 3446 -
1954 3392 2012 3464 Ad
2027 3393 2128 3463 littus
2145 3416 2239 3465 ma-

647 3532 767 3603 rinum
787 3523 1008 3596 Hindsholm
1033 3521 1171 3590 Fionias
1192 3525 1349 3611 passim,
1381 3531 1418 3590 et
1439 3526 1478 3591 in
1501 3529 1609 3594 variis
1639 3529 1727 3592 locis
1754 3531 1851 3594 sinus
1875 3527 2117 3613 Othiniensis,
2150 3552 2240 3620 qvae

649 3665 767 3756 parvis
786 3658 892 3730 fundi
915 3654 1190 3744 elevationibus,
1218 3655 1318 3727 badii
1339 3655 1396 3725 vel
1418 3653 1514 3725 fusci
1542 3654 1690 3746 coloris,
1717 3654 1867 3748 glabris,
1900 3653 2065 3746 lubricis,
2091 3660 2138 3729 ab
2162 3660 2241 3733 hac

647 3796 772 3889 planta
787 3793 954 3864 sabulum
971 3774 1096 3860 subtus
1112 3799 1347 3881 perreptante
1361 3789 1537 3879 formatis,
1552 3789 1659 3860 facile
1673 3793 1939 3882 dignoscuntur.
1966 3826 2014 3842 -
2040 3787 2079 3878 β.
2096 3794 2135 3861 iu
2150 3797 2241 3885 ripa

647 3927 753 4001 rivuli
765 3950 879 4017 prope
896 3925 1074 3994 officinam
1090 3920 1281 4027 ferrariam
1310 3922 1394 3989 Naes
1416 3922 1625 4012 Norvegiae,
1653 3931 1789 3989 terram
1810 3922 1999 3994 humidam
2020 3926 2239 4001 umbrosam

647 4062 774 4129 subtus
789 4066 1000 4150 perreptans
1016 4063 1053 4124 et
1069 4076 1093 4121 e
1107 4052 1296 4147 superficie
1314 4054 1476 4145 ejusdem
1490 4053 1551 4122 hic
1565 4052 1639 4122 illie
1649 4058 1870 4146 prominens.
1923 4054 1981 4128 Aa
1993 4063 2108 4146 ripam
2122 4056 2240 4130 user-

649 4217 792 4269 marum
806 4215 921 4286 prope
934 4186 1316 4281 Reiliaviklslantliae,
1340 4189 1503 4281 copiose5
1533 4187 1698 4259 Hooker:

697 4367 824 4437 DESG.
871 4363 943 4431 Fila
960 4360 1153 4430 universalia
1169 4362 1348 4456 simplicia,
1371 4364 1545 4444 continua,
1568 4381 1716 4457 tempore
1733 4360 1857 4431 vernali
1873 4356 2024 4426 sabulum
2044 4363 2145 4453 paulo
2174 4372 2240 4438 in-

782 4472 833 4538 fra
847 4468 1055 4560 superficiem
1070 4467 1165 4534 sandi
1181 4468 1281 4536 dense
1294 4470 1537 4561 perreptantia,
1562 4468 1756 4560 plerumqvc
1769 4466 1900 4541 brevia,
1922 4467 2160 4557 semipallicari
2188 4478 2239 4545 ad

780 4573 974 4668 pollicarem
988 4573 1211 4658 longitudine,
1236 4592 1338 4640 setam
1351 4576 1504 4664 eqvinam
1524 4575 1634 4640 modio
1653 4595 1777 4647 crassa,
1801 4566 1918 4636 leviter
1940 4570 2104 4651 flexuosa,
2130 4584 2241 4664 vagi.

780 4697 874 4755 nata,
905 4681 1061 4767 utrinqre
1085 4696 1257 4744 attenuata.
1313 4682 1353 4744 In
1373 4679 1522 4769 qvolibet
1542 4679 1599 4745 filo
1621 4674 1797 4741 universali
1811 4700 1885 4766 opc
1908 4678 2049 4760 vaginas,
2078 4687 2238 4755 matricis

781 4783 905 4861 instar,
925 4780 1139 4846 includuntur
1154 4785 1269 4867 viginti
1284 4802 1316 4849 et
1330 4784 1426 4874 plura
1443 4783 1521 4864 alia,
1548 4780 1714 4848 multoties
1724 4783 1853 4847 minora
1875 4799 1907 4846 et
1933 4784 2102 4865 tenuiora,
2123 4791 2234 4879 oculo

743 4924 747 4931 ·
781 4885 872 4952 nudo
887 4887 1116 4975 inconspicua,
1139 4887 1173 4951 in
1188 4890 1302 4971 vagina
1320 4888 1475 4979 parallelo
1500 4907 1532 4954 et
1550 4886 1832 4975 longitudinaliter
1855 4887 2034 4977 disposita,
2055 4891 2235 4961 interdum

781 4988 946 5082 spiraliter
962 5001 1065 5071 tort'a,
1089 4984 1194 5075 rigida
1202 4998 1218 5072 ,'
1236 4993 1365 5073 stricta,
1387 4994 1536 5083 hyalina,
1560 4988 1683 5084 nbiqvc
1699 4992 1846 5084 aeqvalia,
1870 4996 1994 5074 teretia,
2016 4995 2106 5083 apice
2123 5011 2233 5062 trun-

780 5113 859 5163 cata.
915 5097 1081 5187 Tempore
1104 5099 1233 5182 estivo,
1258 5095 1366 5166 calore
1387 5099 1465 5167 solis
1483 5094 1665 5181 alliciente,
1691 5098 1735 5166 ad
1759 5098 1969 5189 superficiem
1990 5099 2052 5167 soli
2069 5084 2234 5173 'sabulosi
