4812 6096
718 496 891 573 suono
911 492 1087 568 SEX'M
1145 492 1433 571 mutuant
1726 511 1814 584 ω

421 709 571 784 Conservis
591 707 749 762 annularis
772 702 1040 759 manasticam
1060 699 1151 755 Holm.
1174 710 1247 770 1783.
1274 718 1303 772 p.
1322 711 1365 765 8⁰·
1397 702 1467 760 Tab.
1486 713 1512 770 3.
1531 702 1576 775 lig.
1593 703 1619 759 6.
1639 718 1665 773 7.
1691 736 1720 756 ..
1745 702 1853 761 wsb„

483 785 509 833 δι
524 776 608 832 Mohr
625 774 704 831 Arch.
727 793 749 834 t,
763 791 791 845 p.
815 783 871 842 ¹39·
1981 792 1984 797 .

280 930 434 1003 Habitat
446 935 493 1003 ud
507 932 607 1002 littus
620 928 829 1016 Sellandiae,
854 920 1005 1049 Mulier.
1028 957 1081 976 ·-
1103 896 1378 996 [n'Hutchinsia
1388 924 1566 1018 violacea,
1588 924 1852 1029 Scytosiphonc

280 1064 458 1136 clathrata
471 1064 621 1159 aliisqve
642 1065 683 1133 in
696 1063 780 1132 sinu
794 1057 1020 1148 Othiniensi,
1044 1059 1192 1149 passim.

322 1239 448 1333 DESC.
492 1240 618 1319 Frons,
643 1238 671 1303 si
685 1238 731 1302 ita
745 1232 853 1300 dicere
864 1230 959 1313 licet,
975 1231 1214 1323 salvamus,
1237 1231 1353 1324 plana,
1378 1232 1521 1324 hyaliua,
1546 1224 1662 1322 rigillo,
1686 1237 1727 1302 ab
1745 1234 1849 1306 altero

408 1341 528 1431 angulo
544 1341 731 1407 tenuissime
747 1339 907 1429 stipitum,
926 1360 965 1403 ex
980 1345 1043 1410 3—6
1058 1336 1121 1402 filis
1136 1335 1416 1421 longitudinalitcr
1430 1338 1608 1427 aggregatis
1629 1357 1662 1407 at
1677 1340 1849 1417 coheren-

410 1449 495 1514 tibus
516 1462 687 1525 coustans3
712 1440 766 1508 fila
780 1442 842 1506 ista
857 1437 974 1529 plana,
996 1438 1145 1530 hyalino,
1170 1442 1296 1520 obtusa,
1319 1440 1486 1507 interdum
1499 1444 1709 1517 transversim
1725 1446 1851 1527 striata,
1887 1444 1891 1451 ’

405 1548 517 1615 medio
532 1546 662 1638 punctis
676 1547 762 1612 binis
776 1542 1009 1611 lutescentibns
1032 1542 1085 1611 vel
1100 1547 1206 1611 aureis
1225 1562 1347 1612 notata.
1394 1545 1562 1612 Autumno
1587 1562 1621 1612 ct
1644 1544 1761 1637 hyeme
1784 1549 1849 1615 im·

406 1652 524 1745 primis
540 1648 696 1716 occurrit.

323 1812 415 1883 OBS.
458 1809 665 1901 Confcrvam
677 1813 895 1879 armillarem
909 1811 1011 1877 Mill.
1028 1808 1070 1877 ad
1085 1810 1171 1877 hanc
1189 1812 1332 1905 speciem
1347 1814 1512 1903 pertinere
1529 1810 1649 1905 procul
1664 1812 1766 1880 dubio
1784 1837 1852 1904 po-

406 1919 505 1984 situm
524 1917 690 1997 existim03
714 1915 798 1981 dicit
811 1916 909 1994 enim,
934 1939 968 1981 se
986 1914 1125 1981 frustula
1142 1917 1315 1995 invenisse,
1341 1915 1424 1983 duos
1440 1915 1483 1982 ad
1499 1933 1574 1983 octo
1596 1915 1750 1983 articulos
1767 1941 1852 1982 con-

407 2022 561 2098 tinentia,
585 2044 684 2110 eaque
700 2018 798 2085 luisse
812 2016 978 2109 pellucido
993 2036 1026 2084 et
1043 2017 1213 2108 crystallus
1229 2036 1457 2085 concatenatos
1472 2021 1603 2110 punctis
1617 2019 1758 2089 rosaceis
1769 2017 1851 2109 pul-

410 2124 572 2192 cherrime
587 2125 694 2214 pictos
708 2120 858 2188 retulisse
866 2147 877 2203 3
902 2145 973 2211 qvae
988 2123 1101 2188 omnia
1115 2123 1151 2185 in
1164 2120 1250 2185 hauc
1265 2137 1413 2187 nostram
1429 2121 1513 2186 bene
1526 2120 1661 2187 cadunt.

354 2335 388 2408 8.
438 2322 483 2396 Ε.
493 2320 719 2418 paradeum
743 2317 811 2389 filis
834 2318 1054 2411 aggregatis,
1075 2318 1277 2410 continuis,
1295 2318 1442 2411 rigidis,
1460 2316 1698 2405 tenuissimis,
1725 2293 1852 2388 rauna}-
1874 2313 1967 2391 rat.
1983 2318 2046 2397 ‘70-⁸

274 2459 344 2551 sis,
366 2460 468 2549 apice
485 2454 639 2527 dilatatis
655 2451 945 2544 subbinat'imqve
967 2450 1124 2523 clavatis.

351 2638 507 2710 Habitat
522 2637 563 2705 in
577 2634 659 2701 sinn
673 2630 879 2700 Othiniensi
890 2626 1118 2699 Hutchiusiae
1130 2626 1304 2699 violarem
1321 2603 1514 2722 pmasilice
1526 2631 1696 2703 insidens-⁸

313 2811 440 2881 DESC.
486 2805 559 2873 Fila
572 2802 805 2879 minutissima,
825 2801 1082 2891 microscopica,
1108 2820 1285 2885 aggregata,
1308 2806 1474 2885 continua,
1496 2828 1642 2884 ramosa3
1666 2803 1774 2894 apices?
1788 2827 1847 2869 η.

284 2995 289 3006 1
404 2911 568 2981 mulorum
593 2910 629 2974 in
650 2904 845 2997 corpuscula
867 2903 1086 2970 clavaesormia
1108 2903 1250 2986 dilatati3
1275 2903 1373 2970 clavae
1395 2907 1463 2971 iste
1485 2905 1671 2995 terminales
1691 2916 1849 2986 cuneata,

404 3020 492 3085 intus
505 3029 680 3108 punctam.
727 3009 830 3077 Color
841 3009 1030 3076 flavescens.
1077 3009 1246 3096 Tempore
1265 3005 1484 3075 vernalividi.
1553 3091 1561 3098 ‚

351 3229 386 3310 9.
435 3214 480 3289 E.
498 3170 680 3292 summm
700 3201 862 3299 grautssis
873 3200 1141 3291 minutissimis,
1168 3207 1385 3299 aggregatis,
1404 3205 1699 3299 cuneiiurmibus,
1720 3208 1843 3281 medio
1866 3212 1959 3287 'ms
1978 3218 2041 3296 70,

268 3346 602 3432 fusciuiluresoeuti
615 3340 761 3412 notaria
1770 3358 1774 3371 ·

344 3533 497 3601 Habitat
516 3530 556 3596 in
574 3527 657 3590 sinu
673 3518 880 3586 Othiniensi
894 3515 1065 3586 Ceramio
1084 3512 1198 3585 rubro
1212 3486 1389 3605 insitiens,
1413 3520 1538 3595 rarior.

316 3696 441 3765 DESC.
484 3688 636 3760 Grauia
657 3689 712 3755 vix
727 3687 824 3756 oculo
839 3689 933 3757 nuda
951 3688 1148 3780 canopicum
1171 3689 1234 3754 sais
1256 3687 1346 3757 lente
1368 3690 1564 3775 aggregatim
1585 3704 1752 3775 congestu,
1772 3714 1843 3759 non

399 3797 617 3876 comenia,
637 3810 799 3871 cuneata,
818 3792 937 3882 plana,
956 3793 1186 3879 singalauriis
1196 3794 1286 3861 birris
1298 3795 1443 3861 temisve
1459 3791 1749 3878 longitudinibus
1763 3818 1842 3863 eva-

402 3902 488 3969 nidis
502 3903 677 3978 instructa,
702 3894 877 3986 medioqre
889 3897 990 3969 tucit
1007 3895 1180 3982 granuloai
1198 3897 1388 3967 inruenti
1407 3915 1541 3979 notata,
1560 3914 1711 3966 cotem
1729 3897 1840 3991 hyali-

402 4031 455 4074 na.
502 4006 624 4094 Hyeme
639 4019 672 4068 et
684 4026 760 4069 vere
773 4001 853 4069 vidi.

319 4169 413 4242 OBS.
460 4167 550 4235 Fieri
563 4182 688 4257 potest,
712 4182 749 4228 nt
763 4162 931 4230 nonnullae
947 4165 1086 4256 specics,
1106 4185 1245 4254 qvarnm
1260 4163 1321 4229 sub
1337 4164 1403 4230 hoc
1418 4186 1536 4247 genere
1550 4168 1750 4234 mentionem
1765 4163 1839 4247 feci,

401 4277 539 4358 c1rcgno
558 4265 746 4353 vegetabili,
766 4265 918 4353 ulteriori
934 4281 1046 4334 ear'um
1059 4269 1204 4341 examine
1220 4268 1385 4347 instituto,
1408 4265 1488 4332 olim
1504 4267 1730 4335 excluduntur.
1774 4269 1839 4334 At-

401 4395 509 4443 tamen
533 4390 622 4440 certe
641 4394 711 4437 non
741 4387 818 4436 sunt
843 4369 1010 4451 animalia,
1034 4395 1109 4437 nam
1134 4372 1224 4437 omui
1244 4388 1426 4462 spontaneo
1446 4386 1539 4436 motu
1558 4372 1688 4461 penitus
1707 4387 1838 4453 carent3

401 4480 459 4545 scd
478 4482 511 4544 'si
535 4480 607 4568 qvis
629 4472 805 4543 nonnullas
830 4498 942 4541 carum
963 4472 1127 4542 domicilia
1148 4473 1418 4542 animalculorum
1440 4471 1555 4541 muudi
1577 4472 1748 4544 invisibilis
1768 4497 1838 4542 esse

405 4581 571 4663 crederet,
594 4605 665 4649 nou
680 4581 707 4645 is
722 4603 811 4661 sum,
837 4582 894 4670 qvi
906 4579 1080 4671 praefracte
1099 4601 1260 4663 negarem.
1760 4576 1765 4581 ’
