4812 6096
673 445 750 525 204
1063 433 1237 507 sacrm
1265 429 1436 504 snxrs.
1494 427 1772 506 rasurum.

618 653 773 727 Habitat
785 652 825 721 iu
838 647 956 723 rivulo
971 648 1093 740 alpino
1107 648 1238 719 leniter
1254 648 1389 719 fluente
1408 649 1455 718 ad
1470 668 1598 739 rupem
1606 646 1842 719 Slatteratind
1850 668 1966 742 prope
1975 649 2070 726 Eide
2081 644 2210 734 (ister-¹

621 789 666 859 60
680 788 818 859 Faeroae
837 787 934 854 saxis
954 785 1105 875 adnata,
1131 786 1387 876 copiosissime.
1439 880 1444 888 Ι

666 948 792 1016 DESC.
840 946 946 1015 Radix
966 961 1107 1025 scutata,
1132 946 1317 1029 nigricans,
1344 941 1543 1008 duriuscula.
1591 943 1740 1011 Frondes
1757 966 1952 1032 aggregata,
1983 949 2114 1030 solidae,
2137 972 2212 1014 ma·
2288 924 2292 933 Ι

757 1054 843 1119 ximo
861 1048 1067 1134 gelatinosae,
1097 1048 1242 1140 palmam
1258 1047 1299 1114 ad
1319 1047 1440 1139 pedem
1455 1046 1580 1130 longae,
1617 1046 1755 1130 digitum
1777 1068 1810 1116 et
1829 1049 1915 1116 ultra
1940 1075 2074 1135 crassae,
2102 1053 2212 1144 cylin-

757 1157 900 1233 draccae,
936 1153 1149 1235 fluctuantes,
1185 1176 1382 1242 cursumqve
1403 1174 1494 1244 sqvae
1516 1170 1705 1242 aeqveutes,
1746 1158 1871 1245 apicem
1890 1180 2004 1223 versus
2026 1176 2210 1241 attenuatae,

756 1282 914 1341 ramosae3
934 1258 1018 1321 rami
1032 1260 1148 1348 sparsi,
1175 1257 1304 1343 alterni,
1330 1256 1484 1340 elongati,
1512 1257 1694 1337 tenuiores,
1721 1256 1855 1351 aliisqvc
1870 1262 2074 1327 tenuioribus
2088 1263 2212 1328 abbre-

755 1366 914 1454 viatisqve
931 1363 1066 1427 obsessi.
1108 1363 1215 1428 Massa
1232 1362 1409 1449 gelatinosa
1426 1359 1611 1451 pellucida,
1633 1362 1776 1439 viscosa,
1801 1364 1861 1427 sub
1882 1361 1969 1429 lente
1983 1366 2210 1457 inconspicua,

756 1467 851 1535 nullo
866 1468 1011 1552 margine
1025 1484 1222 1558 apparente,
1245 1469 1309 1532 nisi
1324 1465 1414 1556 qvod
1430 1462 1566 1549 mannia
1588 1464 1675 1529 intra
1694 1465 1907 1531 substantiam
1922 1467 2103 1535 nidulantia
2117 1495 2210 1534 mar-

756 1575 865 1659 ginem
890 1572 1179 1652 circumscribam
1210 1568 1346 1655 granula
1367 1571 1496 1634 iuterna
1518 1567 1671 1652 globosa,
1702 1567 1839 1647 viridia,
1869 1571 1905 1634 in
1933 1570 2024 1635 caule
2047 1576 2210 1664 ramisque

754 1678 923 1770 primariis
941 1677 1085 1754 rariora,
1120 1677 1156 1738 in
1169 1672 1305 1738 ramulis
1321 1697 1401 1739 vero
1425 1674 1587 1762 imprimis
1610 1671 1653 1738 ad
1675 1675 1857 1757 marginem
1879 1672 2010 1740 densius
2032 1694 2211 1767 compacta.

756 1782 859 1851 Color
875 1779 1003 1847 srcudis
1017 1779 1159 1845 recentis
1174 1775 1451 1845 fusco-olivaceus
1467 1774 1520 1843 vel
1534 1777 1763 1863 fusco-niger,
1793 1780 1959 1844 exsiccata
1976 1779 2109 1860 viridis,
2136 1805 2214 1866 gra-

754 1886 913 1954 nulorum
931 1886 1114 1951 recentium
1133 1900 1166 1949 et
1182 1884 1378 1949 siccatorum
1400 1881 1526 1948 viridis.
1582 1881 1769 1947 Substantia
1793 1883 1934 1947 maxime
1954 1881 2151 1966 gelatinosa,
2182 1901 2214 1951 et

758 1991 840 2057 adeo
861 1989 1008 2067 lubrica,
1043 2004 1081 2053 ut
1101 2012 1119 2053 c
1141 1988 1291 2052 manibus
1312 1989 1474 2077 captaturi
1497 1985 1650 2053 sacilline
1669 1984 1828 2052 elabatur.
1886 1989 2019 2054 Annua.
2070 1996 2214 2054 Aestate.

759 2095 889 2161 Charta
913 2110 1001 2158 arcto
1022 2092 1183 2172 adhaeret,
1216 2108 1248 2154 et
1266 2089 1371 2156 Talco
1387 2089 1511 2176 (Mica)
1531 2092 1685 2181 imposita
1707 2107 1787 2180 post
1807 2092 2057 2161 exsiccationem
2076 2090 2213 2178 granula

755 2201 885 2287 interna
906 2198 967 2264 sub
982 2195 1070 2262 lente
1087 2198 1172 2262 bene
1186 2193 1341 2263 ostendit.

670 2351 764 2419 OBS.
811 2352 851 2416 In
871 2367 956 2416 statu
976 2347 1102 2415 recenti
1118 2346 1257 2414 odorem
1273 2363 1339 2412 tam
1361 2345 1526 2430 ingratum
1547 2345 1670 2437 spirat,
1700 2362 1737 2411 ut
1752 2345 1949 2437 exemplario
1971 2349 2070 2433 hujus
2084 2349 2213 2439 'speciei

756 2457 880 2523 siccare
902 2451 1035 2519 difficile
1056 2454 1098 2518 sit
1121 2452 1226 2535 factu,
1263 2451 1426 2543 siqnidem
1448 2450 1503 2518 alii
1527 2452 1696 2530 homiues,
1730 2451 1787 2542 qvi
1807 2452 1905 2535 Algas
1926 2451 2118 2537 hujusmodi
2140 2476 2212 2517 nou

757 2577 891 2641 curant,
924 2583 999 2626 eum
1019 2556 1158 2626 odorem
1180 2560 1265 2643 agre
1286 2560 1477 2650 patiuntur,
1514 2555 1604 2622 idem
1625 2557 1812 2623 observavit
1835 2554 1905 2622 Cel.
1927 2555 2149 2636 Ducluzeau3
2183 2557 2212 2623 is

756 2666 844 2732 hanc
868 2667 1013 2757 speciem
1032 2687 1143 2730 mense
1164 2662 1291 2754 Aprilis
1314 2661 1411 2749 legit,
1451 2686 1511 2746 ego
1535 2686 1647 2728 mense
1667 2662 1825 2748 Augus1i3
1862 2660 1920 2725 sed
1937 2659 2027 2726 aliud
2049 2679 2097 2728 est
2117 2660 2214 2727 clima

756 2774 920 2837 montium
943 2770 1180 2838 Gebeuuarum
1203 2767 1337 2845 Galliae,
1369 2766 1459 2833 aliud
1480 2769 1643 2833 montium
1665 2766 1909 2845 Faeroensium3
1944 2766 1971 2830 is
1994 2767 2108 2848 etiam,
2138 2792 2215 2834 cum

758 2900 828 2944 non
846 2878 911 2942 nisi
932 2875 974 2939 ad
994 2872 1117 2939 lentem
1134 2896 1254 2964 parum
1275 2889 1446 2957 augentem
1464 2895 1535 2936 eam
1556 2868 1795 2950 consideravit,
1826 2870 1871 2943 ob
1887 2869 2036 2935 habitum
2057 2871 2100 2937 sd
2113 2896 2214 2958 genus

758 2978 1063 3066 Batrachospermi
1075 2976 1207 3057 retulit3
1229 2976 1287 3042 sed
1302 2976 1417 3041 melius
1436 2973 1478 3040 ad
1495 2998 1596 3059 genus
1612 2974 1798 3044 Palmelloe
1811 2971 1929 3037 referri
1946 2994 2101 3042 meretur.
2143 2980 2215 3044 Co-

758 3085 831 3165 lor,
863 3101 900 3150 ut
920 3086 985 3168 jam
1002 3083 1135 3161 monui,
1166 3080 1457 3144 instatuvlvoest
1476 3076 1773 3156 fusco-olivaccus,
1808 3078 1866 3166 qvi
1890 3076 1961 3143 aliis
1985 3080 2215 3172 Hydrophytis

757 3188 877 3280 alpinis
893 3184 1141 3265 Faerocnsibus,
1168 3182 1432 3273 utl‘lugilurioe
1445 3181 1614 3268 hyemali,
1638 3178 1789 3246 similiter
1802 3183 1970 3270 competit.
1994 3217 2037 3231 -
2058 3184 2214 3254 Ceterum

761 3291 945 3358 Tremelios
959 3309 1099 3367 nomeu,
1132 3303 1247 3378 utpote
1264 3311 1283 3352 a
1302 3283 1486 3377 Mycologis
1510 3282 1680 3352 nonnullis
1696 3299 1907 3375 usurpatum,
1942 3286 1977 3350 iu
1992 3310 2213 3378 synonymum

757 3395 944 3464 Palmcllae
972 3391 1107 3457 mutavi.

428 3660 523 3734 Tab.
539 3660 600 3753 69.
706 3656 739 3729 2.
791 3643 837 3715 P.
854 3634 1016 3733 hyalina
1023 3656 1037 3723 3
1064 3630 1196 3705 fronde
1212 3629 1429 3726 gelatinosa,
1454 3623 1693 3721 cylindraceo,
1717 3622 1953 3721 subbyalinu3
1978 3627 2137 3723 gmmffi,
2152 3633 2216 3721 in:

627 3783 741 3858 ternis
757 3776 1028 3861 minutissimis,
1057 3767 1233 3861 globosis,
1259 3765 1447 3838 viridibus
1840 3778 1845 3783 -

680 3945 835 4018 Habitat
847 3940 886 4008 in
901 3959 993 4029 aqva
1007 3932 1106 4004 dulci
1117 3931 1247 4009 leniter
1260 3931 1388 4004 fluenti
1403 3951 1519 4023 prope
1534 3925 1751 4000 Thorshsrn
1767 3928 1917 4001 Foeroae.

677 4100 806 4176 DESC.
848 4097 956 4162 Massa
970 4092 1157 4182 gelatiuosa,
1182 4091 1403 4182 cylindracea,
1424 4086 1580 4167 solitaria,
1602 4083 1719 4169 solida,
1743 4111 1835 4180 aqvas
1850 4089 2036 4181 superficiei
2051 4095 2215 4180 mactans,

763 4200 919 4299 pollicem
933 4225 1036 4267 unum
1052 4198 1231 4266 alterumve
1245 4196 1352 4281 longa.
1400 4192 1502 4260 Color
1518 4191 1587 4256 sere
1610 4215 1730 4284 aqvose
1747 4191 1949 4283 pellucidus,
1973 4195 2036 4259 nisi
2058 4196 2147 4288 qvod
2168 4204 2216 4268 ὼ

765 4306 899 4397 granula
919 4309 1047 4373 iuterna
1068 4303 1186 4372 viridia
1205 4303 1248 4367 sit
1269 4297 1368 4366 viridi
1389 4297 1493 4364 dilutc
1515 4299 1646 4365 tinctus.
1704 4297 1890 4366 Substantia
1911 4299 2051 4365 maxime
2073 4298 2216 4371 lubrica.

766 4418 908 4483 Aestate.
955 4412 1106 4480 Siccitate
1126 4406 1246 4474 charta
1262 4394 1438 4474 adhaereo'

901 4656 937 4692 ³⁸*
982 4672 1078 4740 uqvoe
1100 4649 1212 4716 solsoe.

712 4824 747 4896 3.
795 4810 840 4880 P.
855 4802 1068 4896 frondosa,-
1092 4801 1223 4874 fronde
1245 4799 1453 4893 caespitosa,
1474 4806 1608 4890 terete,
1633 4794 1856 4895 dichotoma3
1880 4800 1991 4871 ramis
2017 4800 2210 4883 abbrevia-

635 4949 698 5039 tis,
724 4945 921 5035 truncatis,
943 4935 1193 5042 terminalibus
1209 4932 1416 5009 clavellatis.

774 5104 916 5163 Tremelio
928 5097 1080 5173 frondosa
1098 5097 1183 5158 Roth.
1203 5095 1264 5152 Cat.
1283 5092 1341 5153 bot.
1360 5104 1387 5163 3,
1408 5114 1435 5168 p.
1455 5102 1515 5168 m
