4812 6096
649 507 820 583 SECTIO
846 503 1045 598 QVINTA.
1095 500 1335 577 DIATOMA.

338 721 482 776 Diatoma
500 734 649 774 arcuatum
668 719 706 774 Fi.
725 718 789 772 dan.
807 716 878 772 Tab.
901 725 975 787 1593.
996 712 1041 784 fig.
1060 729 1087 766 n.

402 848 438 862 -
499 821 623 895 rigidum
639 819 764 875 Decand.
785 819 811 876 ll.
830 817 863 872 ir.
882 836 916 882 a,
946 812 1049 888 p.492

205 1009 359 1083 Habitat
378 1014 424 1081 ad
440 1012 539 1082 littus
560 1012 697 1081 Fioniae
721 1006 1002 1104 septentrionale.
1019 1005 1184 1077 Ceramio
1205 1007 1318 1079 rubro
1338 1017 1377 1078 et
1405 1003 1573 1099 elongato
1593 996 1786 1099 parasitico
1821 991 1825 1001 ⁴

204 1150 382 1237 insidens,
410 1146 469 1215 bic
485 1144 557 1216 illie
579 1148 732 1237 copiose.

250 1386 376 1453 uEsc.
435 1384 507 1451 Fila
529 1386 725 1477 plerumque
743 1383 904 1463 solitaria,
935 1381 1114 1473 simplicia,
1144 1380 1261 1473 plana,
1296 1381 1420 1468 rigida,
1455 1395 1604 1460 arcuata,
1636 1379 1784 1471 aqualia,

334 1486 432 1556 oculo
451 1488 560 1571 nudo,
582 1509 737 1581 tanqvam
750 1488 909 1580 punctula
922 1486 1071 1571 elongata
1087 1489 1238 1566 nitentia,
1264 1485 1452 1574 conspicua.
1500 1484 1640 1550 Articuli
1657 1486 1785 1552 diame-

337 1610 389 1659 tro
412 1593 632 1684 subaeqvales,
663 1594 830 1685 quadrati,
857 1595 946 1659 striis
967 1590 1237 1659 transversalibus
1257 1588 1457 1654 densissimis
1475 1585 1698 1677 pulcherrime
1718 1615 1784 1657 no·

336 1699 412 1780 tati3
448 1697 593 1782 granulis
615 1698 767 1766 rotundis
788 1696 964 1789 pellucidis
994 1697 1083 1762 inter
1105 1695 1199 1761 strias
1224 1691 1402 1759 collocatis.
1465 1689 1567 1757 Color
1595 1693 1785 1767 flavescens.

334 1802 460 1893 Hyeme
487 1820 519 1868 et
538 1827 626 1868 vere.

249 1985 340 2054 OBS
386 1986 479 2051 Hane
495 1986 638 2076 speciem
653 1984 752 2068 Algas
764 1986 949 2054 nominatas
965 2000 1054 2050 tanta
1069 1983 1235 2048 interdum
1252 1980 1348 2068 copia
1365 1979 1529 2045 obvestire
1544 1979 1631 2058 vidi,
1655 1981 1787 2059 utistte,

336 2113 410 2154 cum
424 2092 589 2156 exsiccatae
605 2090 745 2169 suerint,
768 2092 877 2156 crusta
898 2089 972 2155 alhs
985 2087 1145 2176 pruinosi
1161 2082 1312 2150 obducta
1327 2080 1593 2146 viderenturn-
1614 2081 1665 2144 De
1683 2105 1787 2185 syno-

336 2218 436 2285 nymo
448 2193 684 2334 lleocmdollii,
710 2192 802 2284 qvod
813 2190 915 2259 modo
936 2213 976 2254 ex
991 2191 1181 2272 conjectura
1195 2180 1318 2266 adjeci,
1344 2178 1547 2270 aliquantum
1562 2183 1741 2251 dubitatur

277 2583 312 2658 7.
361 2577 415 2648 D.
436 2574 684 2671 obliqvotum3
710 2574 780 2646 filis
802 2564 1111 2659 subsimplieibus,
1143 2561 1279 2654 planis,
1305 2560 1784 2683 caespitosis,'fi1seeseenti-
1808 2569 1901 2644 Tab.
1920 2575 1984 2656 62.

204 2710 290 2800 bus,
315 2692 474 2778 mtiorrlis
495 2711 670 2778 diametm
693 2701 1049 2800 sesqvilongioribus,
1075 2697 1244 2792 obliquis,
1268 2693 1382 2771 'fascia
1399 2697 1580 2793 pellucido
1599 2708 1786 2784 manaver-

174 2866 177 2875 ’
206 2839 275 2911 sali
290 2849 496 2934 punctoqve
513 2842 656 2913 notatis.
750 2850 754 2857 '

341 3034 489 3109 conserva
511 3037 666 3111 obliquata
684 3038 762 3110 Engl.
783 3037 841 3094 bot.
861 3032 933 3090 Tab.
956 3031 1041 3105 1889?
1060 3062 1097 3077 -
1116 3031 1209 3088 Dillrr.
1227 3032 1333 3089 lutrod.
1357 3054 1386 3088 u.
1405 3043 1449 3106 43.
1521 3000 1525 3009 ·
1561 3050 1565 3057 ·

201 3215 357 3315 Habitat
370 3217 417 3285 ad
430 3215 554 3288 littora
566 3217 770 3287 Faeroensia
792 3213 955 3306 apicibus
973 3208 1364 3301 'I'halassiophytorum
1380 3214 1620 3307 qvortmdam,
1645 3225 1687 3286 ut
1704 3215 1788 3285 Pti-

199 3349 287 3420 lotae
302 3349 492 3442 plumosoe,
518 3349 691 3423 Plocamii
706 3350 880 3441 coccinei,
905 3345 1120 3418 Delesseriae
1140 3344 1245 3416 alatae
1262 3357 1301 3416 et
1314 3348 1469 3418 sinuosae
1485 3353 1675 3441 parasitice
1696 3352 1792 3421 insi·

253 3714 378 3784 DESC.
424 3718 498 3786 Fila
519 3723 687 3815 caespitose
705 3739 875 3810 congesta,
904 3722 1021 3817 plana,
1053 3738 1086 3787 et
1104 3716 1182 3785 licet
1203 3718 1270 3784 sint
1290 3700 1522 3799 minutissima,
1551 3717 1654 3786 oculis
1677 3737 1789 3787 tamen

338 3823 452 3899 nudis,
475 3826 564 3890 ubi
549 3827 644 3933 copia
661 3826 794 3909 adsunt,
817 3830 901 3896 bene
917 3829 1111 3920 conspicua,
1137 3823 1316 3916 simplicia,
1345 3823 1398 3891 vel
1419 3826 1463 3892 ob
1484 3812 1682 3910 singularem
1703 3826 1788 3890 arti-

338 3927 485 3994 culorem
497 3916 783 4012 coliaesionem,
758 3958 785 3998 ιι
800 3936 913 4015 mavis,
938 3958 1077 4000 ramosa
1118 3928 1261 3997 Articuli
1277 3927 1436 3998 diametro
1452 3929 1625 4022 aeqvulcs
1605 3928 1656 3995 tel
1672 3929 1788 3997 eadem

211 4052 215 4058 ’
336 4032 417 4123 2ΡΙο
438 4032 620 4120 longiores,
646 4036 688 4103 ad
711 4056 887 4130 utrumque
903 4040 1003 4105 finem
1017 4036 1161 4127 obliqui,
1190 4033 1300 4101 medio
1323 4034 1421 4102 fascia
1437 4035 1603 4128 pollueida
1618 4052 1789 4103 transver-

330 4136 394 4202 sali
414 4162 503 4204 nunc
524 4159 611 4204 recta
631 4164 719 4207 nunc
737 4143 872 4234 obliqva
891 4146 1015 4216 notati,
1055 4158 1088 4206 et
1107 4156 1267 4231 praeterea
1286 4159 1413 4231 puncto
1434 4142 1630 4233 plerumque
1652 4166 1790 4209 rosaceo
1899 4179 1904 4191 ν

288 4290 293 4295 -
334 4241 444 4308 medio
459 4244 559 4334 picti,
583 4243 719 4313 alascia
734 4269 838 4336 usqve
858 4249 1069 4314 transversim
1088 4245 1211 4324 striati,
1242 4244 1433 4335 angulisqve
1447 4245 1655 4312 acutiusculis
1672 4249 1789 4330 singu·

334 4344 395 4412 lari
411 4345 514 4415 modo
529 4348 749 4428 cohaerentes,
775 4348 866 4439 qvod
880 4376 918 4417 ex
935 4350 1150 4418 delineatione
1165 4347 1300 4429 melius,
1322 4372 1420 4439 qvam
1434 4372 1473 4413 ex
1488 4346 1709 4440 descriptione
1721 4374 1787 4441 pa-

335 4453 426 4517 tebit.
474 4446 577 4519 Color
590 4454 732 4519 recentis
750 4452 852 4519 dilute
876 4453 1002 4537 luscus,
1027 4456 1177 4521 exsiccati
1199 4451 1376 4521 albescens
1423 4456 1562 4518 Aestate

252 4627 344 4694 OBS.
390 4634 474 4698 Cum
488 4636 650 4704 Tabulam
671 4664 711 4705 ex
725 4638 878 4729 English
889 4637 1025 4728 Botany
1045 4640 1175 4705 citatam
1191 4638 1341 4705 nondum
1358 4636 1471 4707 videro
1487 4637 1645 4721 contigit,
1670 4653 1787 4728 qvate-

336 4757 398 4796 nus
411 4735 476 4802 boc
491 4763 728 4828 synonymum,
753 4743 845 4834 qvod
859 4746 1046 4827 conjecturd
1062 4744 1162 4811 modo
1179 4761 1342 4810 assecutus
1358 4767 1447 4822 sum,
1470 4745 1504 4808 in
1517 4765 1623 4807 meam
1641 4742 1785 4833 speeiem

339 4834 528 4924 qva'dret,⁸
519 4864 555 4903 ιιι
576 4860 734 4933 suspenso
752 4846 943 4938 relinqvere
960 4869 1070 4933 cogor.
1118 4847 1301 4931 Singularis
1318 4865 1406 4914 certe
1423 4847 1493 4913 hmo
1516 4848 1640 4945 speeies
1664 4863 1727 4925 est,
1753 4863 1785 4912 θῑ

298 5036 303 5049 ῒ
336 4956 447 5003 utrum
461 4939 504 5003 ad
522 4942 687 5009 Diatoma
700 4946 880 5036 pertinent,
904 4974 1025 5029 necne,
1051 4951 1157 5016 adhuc
1180 4977 1248 5018 non
1265 4970 1357 5019 certo
1370 4968 1507 5019 constat.
1553 4953 1593 5017 In
1614 4968 1698 5017 statu
1716 4951 1786 5016 sie-

279 5062 295 5071 ·’
336 5060 428 5119 cato,
454 5042 512 5107 ubi
529 5043 735 5115 abundanter
751 5052 873 5133 adsuit,
899 5071 1041 5120 crustam
1056 5054 1186 5120 albam
1176 5082 1211 5123 ιιι
1225 5055 1328 5140 Algis,
1354 5058 1471 5147 qvibus
1486 5053 1627 5137 insidet,
1648 5052 1692 5121 ad
1706 5076 1786 5119 mo-

337 5147 417 5217 dum
431 5148 640 5217 Diatonuuis
653 5151 833 5241 flocculosi
854 5157 1076 5250 aliorumque,
1098 5158 1266 5252 relinquit.
1908 5142 1911 5149 l
