4772 6106
695 472 747 552 76
1043 466 1215 541 SECTIO
1242 463 1478 539 sustuna
1527 461 1827 541 VAUCHERIA.

444 688 534 763 Tab,
555 699 615 772 20.
692 675 739 781 β)
766 673 1000 762 submorino,
1026 675 1094 749 filis
1109 678 1349 771 tenuioribus,
1375 676 1691 773 decumbentibus,
1716 679 1884 756 vericulis
1898 679 2105 757 lanceolatis
2129 708 2220 771 ova2

740 815 867 906 tisqve.
1636 818 1643 837 ⁸

640 982 794 1055 Habitat
809 991 846 1055 α.
864 985 904 1052 in
921 1004 1011 1076 aqva
1026 978 1124 1053 dulci
1138 984 1319 1080 stagnanti
1336 984 1376 1053 in
1387 978 1490 1076 sylva
1507 980 1715 1076 Sorgenfrie
1736 1008 1851 1082 propa
1873 988 2086 1082 Hafniamf
2092 992 2157 1067 ubi
2183 1006 2220 1066 et

641 1129 798 1207 terram,
823 1139 923 1210 aqvae
950 1120 1174 1209 contiguam,
1197 1127 1408 1210 perreptat3
1436 1118 1544 1185 etiarn
1567 1119 1607 1186 in
1628 1116 1734 1189 fossis
1755 1146 1843 1215 aqva
1866 1128 2048 1217 stagnanti
2073 1126 2221 1220 repletis

640 1274 756 1345 propa
770 1248 958 1321 Othiniam
973 1261 1011 1320 et
1022 1222 1258 1349 Neoburgurn
1270 1252 1420 1337 Fioniae.v
1437 1285 1499 1319 .-·
1524 1243 1567 1339 β.
1582 1250 1621 1320 in
1632 1249 1738 1325 fossis
1755 1255 1969 1331 submarinis
1990 1282 2106 1354 prope
2120 1257 2220 1349 Hot-

557 1470 562 1480 θ
640 1406 835 1478 mansgavc
850 1384 996 1454 Fioniae.

686 1545 813 1615 DESC.
860 1549 991 1639 Caespes
1005 1549 1187 1632 intricatus,
1210 1550 1351 1619 fundum
1365 1549 1471 1635 stagni
1486 1571 1595 1615 amans
1612 1566 1645 1616 et
1659 1572 1866 1644 perreptans,
1887 1557 2008 1647 pedem
2021 1575 2054 1625 et
2067 1582 2153 1650 saepe
2165 1556 2221 1623 ul-

774 1677 851 1719 nam
866 1655 901 1717 in
926 1652 1088 1720 diametro
1110 1673 1240 1737 tenens,
1265 1674 1297 1721 et
1320 1657 1356 1719 in
1379 1655 1455 1722 loco
1478 1652 1577 1719 natali
1601 1656 1683 1720 situs
1707 1660 1845 1724 omnino
1866 1662 2060 1743 nigrescens
2076 1677 2222 1751 apparet.

773 1756 847 1823 Fila
869 1781 887 1823 e
909 1756 1014 1824 fundo
1035 1756 1153 1825 limoso
1175 1777 1300 1839 erecta,
1332 1760 1548 1840 assurgentia,
1590 1760 1802 1847 superficiem
1822 1785 1913 1851 aqva
1935 1787 2004 1843 non
2025 1764 2224 1848 attingenda,

773 1861 845 1926 basi
861 1862 1021 1943 intricata,
1047 1880 1091 1943 et,
1105 1865 1133 1927 si
1149 1865 1359 1943 extricantur,
1382 1860 1503 1951 pedem
1516 1882 1620 1924 unum
1632 1859 1813 1926 alterumve
1828 1862 1937 1947 longa,
1963 1884 2128 1959 setamqve
2140 1890 2225 1958 por-

774 1968 882 2029 cinam
898 1991 1023 2043 crassa,
1050 1966 1132 2033 adeo
1147 1984 1184 2031 ut
1199 1967 1269 2033 haec
1285 1967 1433 2033 omnium
1447 1965 1544 2049 hujus
1559 1966 1687 2048 generis
1702 1965 1886 2055 specierum
1904 1967 1948 2028 sit
1972 1973 2129 2051 maxima,
2153 1969 2224 2034 basi

772 2065 953 2153 simplicia,
979 2069 1107 2154 apicem
1122 2089 1235 2129 versus
1254 2068 1444 2129 dichotoma
1460 2068 1512 2131 vel
1528 2066 1723 2154 simpliciter
1737 2090 1877 2132 ramosa.
1924 2070 2084 2136 Vesiculae
2115 2078 2225 2158 maju-

772 2165 888 2245 sculae,
911 2167 1002 2231 nudo
1024 2166 1121 2231 oculo
1145 2163 1307 2243 visibiles,
1332 2165 1495 2248 globosae,
1520 2167 1662 2246 sessiles,
1687 2170 1857 2249 secundae3
1879 2169 2047 2236 interdum
2068 2177 2165 2240 etiam
2187 2180 2224 2241 in

773 2269 837 2336 filis
853 2268 998 2354 ejusdem
1011 2268 1151 2358 caespitis
1167 2267 1308 2357 capsulae
1324 2267 1444 2334 adsunt
1456 2268 1620 2350 minores,
1641 2286 1761 2349 ovatae,
1787 2268 1967 2353 densiores,
1990 2276 2033 2342 ad
2047 2294 2223 2368 utrumqve

776 2374 823 2442 fili
834 2374 919 2439 latus
935 2371 1082 2452 sessiles‚
1106 2395 1211 2437 massa
1224 2372 1324 2438 viridi
1339 2373 1382 2438 ad
1397 2372 1567 2439 dimidiam
1582 2392 1728 2464 partem,
1748 2375 1855 2438 ceteri
1869 2373 2054 2463 pellucidis,
2076 2378 2222 2472 repletae.

776 2477 879 2548 Color
894 2478 1027 2545 [ilerum
1042 2474 1175 2557 viridis,
1198 2474 1416 2544 vesicularum
1432 2481 1603 2546 intensior.
1647 2478 1836 2545 Substantia
1858 2480 2122 2565 membranacea,
2147 2484 2223 2549 len-

776 2604 819 2651 ta.
866 2590 994 2652 Annua.
1040 2585 1127 2653 Vere
1143 2600 1176 2649 et
1189 2599 1308 2650 astate.
1352 2583 1481 2650 Chartae
1497 2582 1569 2647 laxe
1585 2581 1741 2649 adhaeret.

689 2732 781 2801 OBS.
829 2737 969 2823 Apicem
985 2735 1031 2798 fili
1046 2730 1224 2826 aliqv'ando
1240 2737 1275 2799 in
1290 2732 1467 2800 vesiculam
1482 2736 1651 2815 inflatum,
1678 2734 1883 2824 fractumqve
1905 2759 2044 2801 massam
2068 2736 2224 2821 subgela·

760 2838 915 2931 ⁴tinosum
932 2840 1080 2904 emittere
1094 2838 1174 2905 vidi.
1198 2874 1241 2887 -
1264 2837 1424 2907 Vesiculae
1438 2840 1474 2901 iu
1488 2838 1567 2905 Ver.
1580 2845 1616 2921 β.
1632 2839 1779 2927 apicibus
1796 2840 1963 2904 interdurn
1977 2859 2102 2931 puncto
2119 2841 2223 2922 fusco,

774 2939 924 3033 operculi
940 2941 1061 3022 instar,
1085 2960 1204 3007 notatae
1221 2960 1333 3023 erant3
1352 2959 1513 3032 praetcrea
1525 2944 1611 3006 inter
1626 2942 1722 3024 hujus
1741 2939 1796 3004 {ila
1812 2942 1971 3008 vesiculas
1992 2946 2165 3011 observavi
2179 2943 2223 3008 li-

773 3047 890 3128 beras,
923 3074 962 3114 ex
985 3065 1126 3136 utroqvc
1149 3045 1214 3110 fine
1234 3046 1539 3136 progerminantes,
1569 3043 1677 3123 unde,
1706 3060 1743 3109 ut
1764 3044 1914 3126 videtur,
1956 3047 2112 3129 colligere
2134 3046 2223 3127 licet,

773 3151 832 3217 has
854 3151 1031 3227 vesiculas,
1063 3149 1140 3216 licet
1160 3173 1199 3215 ex
1224 3148 1338 3214 eadem
1360 3150 1570 3226 membrana,
1603 3149 1667 3236 qvis
1687 3148 1797 3236 ipsum
1823 3148 1933 3228 filum,
1958 3168 2127 3232 constent,
2153 3175 2224 3216 asse

773 3258 970 3348 corpuscula
985 3256 1231 3350 reproduetiva,
1252 3254 1394 3348 ideoqve
1408 3253 1595 3327 Vaucherio
1610 3251 1748 3316 Semina
1761 3247 1908 3330 audiunt,
1932 3250 2111 3340 Dillwyuio
2130 3254 2225 3342 Capg

773 3362 870 3429 sulse.
1307 3378 1311 3381 ’

445 3602 537 3676 Tab.
553 3606 615 3684 20ss
716 3607 750 3675 2.
807 3593 853 3664 V.
870 3592 1005 3681 ovata,
1027 3591 1097 3662 filis
1113 3587 1355 3684 capillaribus,
1380 3584 1684 3675 subdichotomis5
1707 3583 1872 3654 vesiculis
1886 3585 2146 3676 pedunculatis,
2159 3602 2224 3668 sog*

639 3729 784 3821 litariis,
809 3728 965 3824 globosis
972 3753 983 3820 3
1007 3725 1221 3819 pedunculis
1245 3725 1363 3795 nudis.

775 3891 943 3949 Vaucherta
962 3904 1055 3944 ovata
1078 3890 1148 3941 Dec.
1167 3887 1194 3938 tl.
1214 3885 1246 3938 fr.
1269 3904 1294 3945 2,
1315 3903 1343 3955 p.
1363 3884 1407 3948 63.

774 3997 959 4063 Eososperma
979 4004 1072 4042 ovata
1090 3986 1199 4040 Vaucb.
1219 4004 1245 4057 p.
1266 3998 1309 4049 25·
1328 3983 1398 4037 Tab.
1418 4000 1443 4034 a.
1464 3982 1507 4051 lig.
1532 3999 1555 4033 t.

777 4094 926 4225 θοηίοννέ
946 4093 1066 4224 harpasa
1084 4086 1332 4143 malitiaam.
1353 4084 1425 4139 Patr.
1445 4094 1471 4150 3,
1490 4100 1518 4153 p·
1540 4081 1584 4153 96.
1603 4079 1640 4136 Τ.
1658 4096 1683 4135 2.
1703 4078 1749 4152 fig.
1771 4098 1812 4141 to,
1838 4108 1873 4125 -
1899 4097 1926 4139 et
1942 4082 2014 4140 Berl.
2033 4082 2129 4144 nescit.
2148 4094 2174 4156 4,
2193 4105 2222 4160 p.

860 4177 901 4211 a.⁴
942 4199 948 4211 .
972 4177 995 4211 t·
1019 4196 1025 4211 .

779 4178 947 4319 Vaucltertis
965 4263 1084 4315 hursata
1100 4261 1148 4332 Ag.
1168 4259 1232 4331 Syn.
1250 4274 1278 4330 p·
1298 4262 1341 4324 48.

645 4408 797 4485 Habitat
811 4409 851 4478 in
866 4405 971 4477 fossis
989 4427 1080 4498 aqva
1097 4400 1194 4473 dulci
1211 4406 1400 4494 stagnante
1413 4397 1560 4491 repletis
1575 4399 1730 4495 Fioniae,
1748 4401 1783 4469 vj
1799 4420 1829 4466 c.
1846 4397 1892 4466 ael
1907 4394 2084 4487 Lumbye.

688 4572 813 4640 DESC.
860 4570 989 4659 Caespes
1005 4565 1235 4638 densissimus,
1260 4563 1449 4643 intricatus,
1474 4563 1661 4653 superficiei
1685 4582 1775 4649 aqvas
1796 4561 1964 4638 innatans,
1989 4557 2101 4649 pedali
2117 4557 2223 4639 ,valna-

775 4677 871 4763 riqve
885 4671 1091 4755 longitudine
1106 4689 1138 4734 et
1152 4666 1335 4735 latitudine.
1378 4665 1450 4732 Fila
1473 4666 1629 4756 capillum
1648 4667 1829 4728 humanum
1853 4688 1976 4744 crassa,
2000 4663 2145 4755 palmam
2158 4690 2224 4756 pe-

778 4779 937 4866 demqve,
963 4778 991 4839 si
1008 4776 1226 4853 extriccntur,
1251 4769 1368 4854 longa,
1394 4772 1567 4851 continua,
1589 4784 1626 4834 ut
1644 4768 1679 4831 in
1694 4769 1808 4831 ceteris
1828 4769 1927 4854 hujus
1948 4771 2078 4855 generis
2092 4772 2222 4861 speeie·

777 4882 858 4961 bus,
881 4879 951 4944 basi
966 4875 1124 4957 indivisa,
1149 4878 1276 4973 apicem
1289 4898 1402 4941 versus
1415 4874 1616 4942 dichotoma.
1666 4870 1847 4938 Peduuculi
1861 4872 2056 4964 plerumqve
2073 4871 2218 4950 secundi,

778 4986 921 5065 curvati,
947 4981 1056 5073 qvoad
1067 4980 1307 5067 longitudinem
1322 4979 1516 5045 diametrum
1532 4975 1581 5042 fili
1601 4975 1680 5068 3plo
1704 4996 1952 5068 exsuperantes,
1977 4980 2069 5070 apice
2090 4977 2219 5043 vesicu-

777 5088 875 5159 lileri.
922 5086 1081 5158 Vesieulae
1097 5086 1266 5163 solitaria,
1292 5083 1454 5171 globosa,
1477 5083 1644 5152 rarissime
1668 5101 1787 5166 ovatae,
1812 5083 1848 5149 in
1869 5084 1962 5176 apice
1984 5076 2164 5174 pedunculi
2184 5096 2219 5148 et
