4728 6088
872 493 1165 607 ruarmo„
1453 438 1462 447 ⁸
1797 521 1847 573 n

113 699 191 786 Ex
216 692 317 787 hoe
343 696 511 787 itinere
530 692 757 788 Hafniam
777 728 966 790 reverso
992 696 1219 823 contigit,
1248 715 1302 786 ut
1318 698 1421 786 Rex
1442 717 1608 787 noster
1628 696 1894 794 clementis·
1925 769 1930 774 ι

7 960 9 977 ᾗ
114 845 241 934 sime
262 844 576 965 permitteret,
607 864 661 933 ut
685 840 926 936 tentamen
944 840 1063 932 illud
1085 837 1430 968 algologicum,
1467 841 1596 963 qvod
1618 865 1759 935 antea
1777 876 1892 936 con-

7 988 8 1011 *
117 989 450 1098 cinnaveram,
483 1017 690 1078 unacum
706 986 1108 1080 delineatiouibus
1127 989 1279 1113 Regio
1299 1007 1458 1078 sumtu
1473 986 1660 1110 publici
1678 989 1792 1108 juris
1810 986 1894 1079 fie-

114 1154 217 1242 ret;
254 1162 395 1255 qvam
419 1134 562 1222 etiam
585 1162 820 1223 summam
848 1131 909 1225 ob
933 1134 1134 1259 gratiam
1162 1127 1281 1220 illud
1310 1128 1595 1255 opusculum
1620 1135 1759 1225 novis
1786 1164 1895 1256 spe·

7 1334 8 1395 3
117 1279 289 1369 ciebus
320 1278 489 1367 seriori
519 1298 734 1403 tempora
762 1280 964 1369 inventis
993 1271 1311 1399 locupletavi,
1365 1297 1412 1366 et
1443 1272 1506 1364 ad
1531 1307 1681 1399 opera
1704 1274 1890 1404 algolo-

113 1426 229 1550 gica
260 1423 666 1546 praestantissima,
724 1454 823 1547 qvae
854 1420 1021 1514 sedula
1055 1423 1238 1511 interea
1268 1424 1454 1510 versavi
1480 1451 1645 1535 manu,
1693 1417 1893 1550 diligan-

120 1590 196 1659 ter
225 1567 410 1657 correxi
446 1587 492 1658 et
520 1565 792 1681 emendavi,
840 1587 895 1657 ut
920 1562 1248 1656 munificentia
1274 1565 1448 1688 Regia,
1492 1586 1719 1688 qvantum
1744 1596 1892 1689 penes

119 1707 343 1823 meluit,
380 1707 512 1800 haud
537 1707 787 1839 indignum
814 1712 866 1798 in
892 1706 1050 1799 lucem
1073 1703 1313 1829 proderet
1379 1708 1633 1823 Praeterea,
1674 1708 1804 1832 qvod
1833 1706 1895 1798 ad

122 1854 261 1983 algas
288 1855 661 1946 Groenlandicas
691 1857 878 1969 attinet,
925 1850 1297 1945 clarissimorum
1321 1852 1548 1942 Virorum
1578 1856 1636 1945 0.
1665 1854 1893 1955 Fabricii,
1927 1866 1932 1871 ’

131 2004 217 2094 W
207 2000 506 2090 ormslioldii
533 2023 579 2091 et
601 1999 814 2092 Giaselii
840 1995 1062 2091 consului
1081 1995 1327 2107 herbaria,
1366 2026 1427 2101 ex·
1451 1997 1621 2119 qvibus
1632 1995 1894 2089 nonnullas

34 2186 37 2192 ¹
124 2144 261 2236 hausi
281 2148 500 2259 notitias,
536 2167 583 2237 et
597 2177 743 2235 unam
760 2141 1013 2236 alteramve
1036 2143 1250 2266 speciem
1277 2169 1455 2228 novam
1478 2144 1716 2235 extricari.
1782 2146 1896 2232 Haee

7 2276 8 2281 Ν
124 2314 199 2384 est
213 2290 353 2410 hujus
379 2288 600 2413 opusculi
618 2290 840 2404 historia,
874 2320 1053 2413 qvam,
1076 2282 1232 2377 levem
1254 2283 1445 2408 quidem
1467 2316 1556 2409 per
1577 2317 1649 2399 se,
1692 2284 1821 2378 hunc
1845 2289 1897 2375 in

124 2436 269 2530 finem
290 2435 372 2527 hie
396 2438 549 2563 tetigi,
599 2457 653 2526 ut
675 2440 829 2551 sciant
853 2438 1080 2528 Lectores
1110 2426 1354 2541 benevoli,
1399 2460 1491 2553 qvo
1518 2427 1696 2520 factum
1720 2434 1801 2544 sit,
1843 2452 1898 2521 ut
1967 2439 1968 2442 ‘

126 2590 257 2710 algas
277 2585 569 2684 Foeroenses,
615 2580 1005 2671 Groanlandicas
1032 2597 1079 2664 et
1103 2571 1360 2663 nonnullas
1389 2577 1694 2700 Norvegr'cos
1730 2572 1898 2665 attule-

7 2752 9 2759 '
131 2733 241 2838 rim3
270 2725 397 2818 unde
426 2720 567 2815 simul
583 2743 738 2845 patet,
776 2717 905 2842 qvod
922 2721 1002 2807 vix
1031 2720 1296 2839 qvisqvam,
1333 2719 1412 2840 qvi
1439 2722 1492 2806 in
1512 2722 1606 2812 hac
1625 2743 1786 2841 sparta
1808 2726 1897 2811 rite

7 2910 9 2923 a
131 2873 345 2968 ornanda
375 2867 669 2992 aliqvantum
689 2886 902 2956 versatus
929 2884 1019 2974 est,
1059 2857 1201 2951 facile
1226 2859 1400 2953 infitias
1427 2863 1536 2978 ibit,
1570 2863 1702 2955 haud
1728 2898 1901 2990 parum

7 3114 9 3129 ,
122 3021 355 3146 temporis
384 3013 569 3105 adhaec
595 3014 854 3102 conamina
878 3002 1181 3098 conficienda
1208 3010 1333 3133 exigi
1356 3028 1495 3130 atqve
1518 3009 1780 3134 postulari;
1816 3045 1900 3104 ne-

7 3270 9 3285 p
126 3198 219 3292 qve
238 3167 366 3256 enirn
383 3189 482 3248 uua
499 3154 854 3248 alteravehora
871 3150 1067 3242 diversae
1089 3149 1161 3239 hae
1182 3150 1384 3275 plantae,
1416 3157 1612 3246 diversis
1636 3154 1900 3281 iisdemqve

7 3290 9 3303 ’
123 3310 306 3402 dissitis
330 3328 469 3429 atqve
490 3326 816 3395 remotissrmrs
846 3330 898 3385 rn
921 3295 1041 3388 locis
1068 3297 1347 3420 qvmendae,
1383 3290 1692 3431 indagantur,
1723 3307 1901 3395 exami-

7 3436 9 3513 l
113 3475 324 3566 uantur,
374 3447 690 3563 delineantur,
735 3436 1091 3557 describuntur,
1133 3444 1184 3531 in
1213 3442 1431 3538 ordinem
1455 3446 1756 3576 rediguntur3
1800 3482 1900 3572 qvae

7 3656 8 3699 2
130 3598 322 3692 omnia,
355 3592 469 3682 licet
492 3625 601 3682 cum
623 3587 854 3714 periculo
870 3592 976 3679 vitae
999 3586 1186 3673 homini
1218 3595 1332 3672 satis
1362 3614 1505 3677 cauto
1532 3625 1634 3679 non
1661 3596 1755 3680 sint
1786 3623 1900 3681 con-

121 3744 297 3863 juncta
333 3727 482 3855 (qvod
507 3733 605 3822 Cel.
635 3734 690 3821 Ο.
719 3735 766 3822 F.
784 3734 1019 3822 Millerus
1044 3731 1095 3818 in
1116 3724 1398 3854 praefatione
1429 3725 1577 3821 Florae
1604 3729 1902 3826 Frederichs-

126 3879 302 3975 dalin‘ae
330 3879 574 4002 praemissa
596 3874 850 4000 perbibere
874 3879 1103 3993 videtur),
1138 3872 1431 3998 frequentem
1457 3896 1625 3997 tamen
1647 3879 1902 4005 investiga-

7 4084 8 4101 ι
125 4032 315 4120 tionem
352 4023 403 4109 in
438 4043 572 4113 vasto
594 4028 791 4113 ¹naturae
822 4021 1002 4145 templo
1038 4043 1135 4112 tarn
1170 4020 1230 4110 ad
1251 4018 1412 4112 littora
1438 4024 1642 4111 marium
1676 4052 1816 4146 qvam
1841 4026 1903 4118 ad

126 4171 426 4266 summitates
457 4169 646 4287 rupium
670 4169 959 4297 institutam,
997 4164 1202 4285 pedibus
1237 4198 1361 4288 saepe
1388 4164 1689 4292 fatigantem,
1730 4191 1903 4262 etexa-

125 4316 445 4410 minationem
476 4314 648 4400 iterum
681 4314 942 4430 iterumque
973 4313 1062 4402 sub
1096 4309 1223 4402 lente
1259 4308 1390 4402 domi
1421 4315 1695 4433 repetitam,
1750 4310 1901 4406 oculis

7 4446 8 4511 ³
126 4457 263 4552 baud
299 4487 406 4546 raro
437 4454 729 4568 molestam,
758 4460 1015 4580 saepissime
1051 4459 1305 4579 reqvirunt
1381 4458 1542 4575 Qvare
1574 4452 1707 4545 haud
1730 4489 1903 4580 parum

7 4590 8 4593 l
130 4603 361 4727 temporis
393 4598 455 4688 ad
484 4597 759 4719 hujusmodi
786 4599 1035 4691 molimina
1062 4604 1280 4724 exigitur,
1324 4600 1463 4724 qvid?
1511 4599 1641 4724 qvod
1669 4600 1829 4692 oleum
1856 4627 1903 4696 et

134 4779 283 4873 opera
313 4742 551 4836 interdum
572 4746 789 4868 perditur
815 4762 902 4869 per
925 4742 1188 4836 frustaneas
1218 4744 1573 4872 indagationes,
1599 4742 1725 4836 dum
1746 4750 1803 4869 virt
1829 4781 1903 4839 re-

127 4897 352 4987 bustam
389 4890 636 5002 tenuibus,
689 4922 787 5014 qvae
816 4921 917 4980 non
949 4892 1043 4981 nisi
1077 4922 1171 5012 ope
1198 4894 1548 5018 microscopica
1578 4893 1666 4981 rite
1696 4895 1902 4983 discerni
1992 4886 1999 4897 ’

124 5056 359 5166 possunt,
394 5033 535 5128 nubis
558 5066 649 5161 pro
669 5037 858 5130 Junone
884 5057 1107 5160 captatur
1124 5033 1256 5128 baud
1282 5068 1404 5128 raro.
1480 5038 1691 5157 Qvaestio
1720 5068 1903 5159 propo·

1423 5198 1507 5285 (θ’)
