<?xml version="1.0" encoding="UTF-8"?>
<!DOCTYPE html PUBLIC "-//W3C//DTD XHTML 1.0 Transitional//EN"
    "http://www.w3.org/TR/xhtml1/DTD/xhtml1-transitional.dtd">
<html xmlns="http://www.w3.org/1999/xhtml" xml:lang="en" lang="en">
 <head>
  <title>
</title>
<meta http-equiv="Content-Type" content="text/html;charset=utf-8" />
  <meta name='ocr-system' content='tesseract 3.04.00' />
  <meta name='ocr-capabilities' content='ocr_page ocr_carea ocr_par ocr_line ocrx_word'/>
</head>
<body>
  <div class='ocr_page' id='page_1' title='image "./tentamenhydroph00lynggoog_0068.png"; bbox 0 0 4728 6088; ppageno 0'>
   <div class='ocr_carea' id='block_1_1' title="bbox 650 450 1663 561">
    <p class='ocr_par' dir='ltr' id='par_1_1' title="bbox 650 450 1663 561">
     <span class='ocr_line' id='line_1_1' title="bbox 650 450 1663 561; baseline -0.002 -36"><span class='ocrx_word' id='word_1_1' title='bbox 650 451 823 525; x_wconf 77' lang='lat' dir='ltr'><strong>sucuro</strong></span> <span class='ocrx_word' id='word_1_2' title='bbox 847 452 1012 527; x_wconf 74' lang='lat' dir='ltr'><strong>annm</strong></span> <span class='ocrx_word' id='word_1_3' title='bbox 1069 450 1214 528; x_wconf 74' lang='lat' dir='ltr'><strong>mvn</strong></span> <span class='ocrx_word' id='word_1_4' title='bbox 1512 549 1520 561; x_wconf 29' lang='grc' dir='ltr'>Ι</span> <span class='ocrx_word' id='word_1_5' title='bbox 1612 471 1663 545; x_wconf 67' lang='lat'><strong>27</strong></span> 
     </span>
    </p>
   </div>
   <div class='ocr_carea' id='block_1_2' title="bbox 5 660 1105 758">
    <p class='ocr_par' dir='ltr' id='par_1_2' title="bbox 5 660 1105 758">
     <span class='ocr_line' id='line_1_2' title="bbox 5 660 1105 758; baseline 0.001 -24"><span class='ocrx_word' id='word_1_6' title='bbox 5 722 6 751; x_wconf 51' lang='lat'><strong>.</strong></span> <span class='ocrx_word' id='word_1_7' title='bbox 138 663 302 734; x_wconf 75' lang='lat' dir='ltr'><strong>Habitat</strong></span> <span class='ocrx_word' id='word_1_8' title='bbox 322 665 361 734; x_wconf 91' lang='lat' dir='ltr'><strong>in</strong></span> <span class='ocrx_word' id='word_1_9' title='bbox 379 685 514 733; x_wconf 83' lang='lat' dir='ltr'><strong>oceano</strong></span> <span class='ocrx_word' id='word_1_10' title='bbox 535 660 722 754; x_wconf 82' lang='lat' dir='ltr'><strong>lalandico,</strong></span> <span class='ocrx_word' id='word_1_11' title='bbox 743 666 867 758; x_wconf 85' lang='lat' dir='ltr'><strong>Esper</strong></span> <span class='ocrx_word' id='word_1_12' title='bbox 882 666 929 736; x_wconf 89' lang='lat' dir='ltr'><strong>ad</strong></span> <span class='ocrx_word' id='word_1_13' title='bbox 940 666 1031 738; x_wconf 84' lang='lat' dir='ltr'><strong>Tab.</strong></span> <span class='ocrx_word' id='word_1_14' title='bbox 1048 668 1105 746; x_wconf 70' lang='lat'><strong>64.</strong></span> 
     </span>
    </p>
   </div>
   <div class='ocr_carea' id='block_1_3' title="bbox 5 782 1717 1410">
    <p class='ocr_par' dir='ltr' id='par_1_3' title="bbox 5 782 1715 996">
     <span class='ocr_line' id='line_1_3' title="bbox 5 782 1714 905; baseline 0.004 -42"><span class='ocrx_word' id='word_1_15' title='bbox 5 782 7 905; x_wconf 61' lang='lat' dir='ltr'><strong>l</strong></span> <span class='ocrx_word' id='word_1_16' title='bbox 187 797 315 863; x_wconf 86' lang='lat' dir='ltr'><strong>DESC.</strong></span> <span class='ocrx_word' id='word_1_17' title='bbox 361 795 468 864; x_wconf 81' lang='lat' dir='ltr'><strong>Radix</strong></span> <span class='ocrx_word' id='word_1_18' title='bbox 490 813 526 861; x_wconf 89' lang='lat' dir='ltr'><strong>ut</strong></span> <span class='ocrx_word' id='word_1_19' title='bbox 548 796 775 888; x_wconf 75' lang='lat' dir='ltr'><strong>precedentis.</strong></span> <span class='ocrx_word' id='word_1_20' title='bbox 830 799 979 864; x_wconf 90' lang='lat' dir='ltr'><strong>Frondes</strong></span> <span class='ocrx_word' id='word_1_21' title='bbox 1003 813 1191 882; x_wconf 74' lang='lat' dir='ltr'><strong>aggregata.</strong></span> <span class='ocrx_word' id='word_1_22' title='bbox 1246 797 1353 889; x_wconf 88' lang='lat' dir='ltr'><strong>Stipes</strong></span> <span class='ocrx_word' id='word_1_23' title='bbox 1372 798 1442 865; x_wconf 89' lang='lat' dir='ltr'><strong>basi</strong></span> <span class='ocrx_word' id='word_1_24' title='bbox 1465 815 1566 879; x_wconf 85' lang='lat' dir='ltr'><strong>teres,</strong></span> <span class='ocrx_word' id='word_1_25' title='bbox 1598 824 1714 890; x_wconf 75' lang='lat' dir='ltr'><strong>penna</strong></span> 
     </span>
     <span class='ocr_line' id='line_1_4' title="bbox 277 898 1715 996; baseline 0.002 -29"><span class='ocrx_word' id='word_1_26' title='bbox 277 902 422 967; x_wconf 82' lang='lat' dir='ltr'><strong>corvinae</strong></span> <span class='ocrx_word' id='word_1_27' title='bbox 448 903 608 980; x_wconf 80' lang='lat' dir='ltr'><strong>crassitie,</strong></span> <span class='ocrx_word' id='word_1_28' title='bbox 631 898 690 965; x_wconf 90' lang='lat' dir='ltr'><strong>sed</strong></span> <span class='ocrx_word' id='word_1_29' title='bbox 710 925 787 967; x_wconf 85' lang='lat' dir='ltr'><strong>mox</strong></span> <span class='ocrx_word' id='word_1_30' title='bbox 811 925 1026 992; x_wconf 86' lang='lat' dir='ltr'><strong>compressus.</strong></span> <span class='ocrx_word' id='word_1_31' title='bbox 1074 901 1206 967; x_wconf 90' lang='lat' dir='ltr'><strong>Folium</strong></span> <span class='ocrx_word' id='word_1_32' title='bbox 1234 920 1428 983; x_wconf 81' lang='lat' dir='ltr'><strong>crustatum,</strong></span> <span class='ocrx_word' id='word_1_33' title='bbox 1451 902 1606 992; x_wconf 83' lang='lat' dir='ltr'><strong>simplex,</strong></span> <span class='ocrx_word' id='word_1_34' title='bbox 1632 928 1715 996; x_wconf 80' lang='lat' dir='ltr'><strong>qra-</strong></span> 
     </span>
    </p>

    <p class='ocr_par' dir='ltr' id='par_1_4' title="bbox 5 922 1717 1410">
     <span class='ocr_line' id='line_1_5' title="bbox 278 992 1713 1098; baseline 0.003 -26.201"><span class='ocrx_word' id='word_1_35' title='bbox 278 1022 354 1072; x_wconf 86' lang='lat' dir='ltr'><strong>tuor</strong></span> <span class='ocrx_word' id='word_1_36' title='bbox 370 1003 413 1069; x_wconf 87' lang='lat' dir='ltr'><strong>ad</strong></span> <span class='ocrx_word' id='word_1_37' title='bbox 427 1021 503 1071; x_wconf 90' lang='lat' dir='ltr'><strong>octo</strong></span> <span class='ocrx_word' id='word_1_38' title='bbox 516 1002 653 1095; x_wconf 79' lang='lat' dir='ltr'><strong>pollices</strong></span> <span class='ocrx_word' id='word_1_39' title='bbox 671 1003 823 1089; x_wconf 68' lang='lat' dir='ltr'><strong>longum.</strong></span> <span class='ocrx_word' id='word_1_40' title='bbox 868 1008 983 1088; x_wconf 83' lang='lat' dir='ltr'>Margo</span> <span class='ocrx_word' id='word_1_41' title='bbox 1006 992 1254 1088; x_wconf 82' lang='lat' dir='ltr'><strong>integerrimus,</strong></span> <span class='ocrx_word' id='word_1_42' title='bbox 1276 1007 1412 1096; x_wconf 86' lang='lat' dir='ltr'><strong>planus,</strong></span> <span class='ocrx_word' id='word_1_43' title='bbox 1434 1031 1503 1073; x_wconf 92' lang='lat' dir='ltr'><strong>non</strong></span> <span class='ocrx_word' id='word_1_44' title='bbox 1524 1006 1713 1098; x_wconf 83' lang='lat' dir='ltr'><strong>prolilerus.</strong></span> 
     </span>
     <span class='ocr_line' id='line_1_6' title="bbox 279 1109 1717 1198; baseline 0.003 -23"><span class='ocrx_word' id='word_1_45' title='bbox 279 1111 420 1183; x_wconf 81' lang='lat' dir='ltr'><strong>Fructus</strong></span> <span class='ocrx_word' id='word_1_46' title='bbox 438 1109 568 1174; x_wconf 83' lang='lat' dir='ltr'><strong>Semina</strong></span> <span class='ocrx_word' id='word_1_47' title='bbox 583 1110 708 1192; x_wconf 84' lang='lat' dir='ltr'><strong>exigua,</strong></span> <span class='ocrx_word' id='word_1_48' title='bbox 732 1109 910 1198; x_wconf 68' lang='lat' dir='ltr'><strong>sphaerica,</strong></span> <span class='ocrx_word' id='word_1_49' title='bbox 936 1111 1099 1188; x_wconf 88' lang='lat' dir='ltr'><strong>coccinea,</strong></span> <span class='ocrx_word' id='word_1_50' title='bbox 1117 1110 1152 1174; x_wconf 91' lang='lat' dir='ltr'><strong>in</strong></span> <span class='ocrx_word' id='word_1_51' title='bbox 1164 1110 1307 1176; x_wconf 88' lang='lat' dir='ltr'><strong>maculas</strong></span> <span class='ocrx_word' id='word_1_52' title='bbox 1322 1110 1477 1177; x_wconf 83' lang='lat' dir='ltr'><strong>informes</strong></span> <span class='ocrx_word' id='word_1_53' title='bbox 1497 1128 1658 1194; x_wconf 81' lang='lat' dir='ltr'><strong>congesta,</strong></span> <span class='ocrx_word' id='word_1_54' title='bbox 1684 1131 1717 1179; x_wconf 89' lang='lat' dir='ltr'><strong>et</strong></span> 
     </span>
     <span class='ocr_line' id='line_1_7' title="bbox 277 1209 1714 1303; baseline 0.001 -23"><span class='ocrx_word' id='word_1_55' title='bbox 277 1214 465 1280; x_wconf 70' lang='lat' dir='ltr'><strong>substantie</strong></span> <span class='ocrx_word' id='word_1_56' title='bbox 490 1209 619 1278; x_wconf 81' lang='lat' dir='ltr'><strong>frondis</strong></span> <span class='ocrx_word' id='word_1_57' title='bbox 647 1213 733 1277; x_wconf 86' lang='lat' dir='ltr'><strong>inter</strong></span> <span class='ocrx_word' id='word_1_58' title='bbox 754 1212 973 1303; x_wconf 86' lang='lat' dir='ltr'><strong>epidermides</strong></span> <span class='ocrx_word' id='word_1_59' title='bbox 1004 1214 1166 1279; x_wconf 88' lang='lat' dir='ltr'><strong>immersa.</strong></span> <span class='ocrx_word' id='word_1_60' title='bbox 1225 1213 1327 1280; x_wconf 89' lang='lat' dir='ltr'><strong>Color</strong></span> <span class='ocrx_word' id='word_1_61' title='bbox 1345 1217 1483 1283; x_wconf 80' lang='lat' dir='ltr'><strong>’intense</strong></span> <span class='ocrx_word' id='word_1_62' title='bbox 1511 1218 1714 1300; x_wconf 76' lang='lat' dir='ltr'><strong>sanguineus,</strong></span> 
     </span>
     <span class='ocr_line' id='line_1_8' title="bbox 278 1316 1361 1410; baseline 0.001 -27"><span class='ocrx_word' id='word_1_63' title='bbox 278 1318 474 1410; x_wconf 87' lang='lat' dir='ltr'><strong>subopacus.</strong></span> <span class='ocrx_word' id='word_1_64' title='bbox 522 1316 709 1383; x_wconf 81' lang='lat' dir='ltr'><strong>Substantia</strong></span> <span class='ocrx_word' id='word_1_65' title='bbox 723 1338 859 1383; x_wconf 86' lang='lat' dir='ltr'><strong>carnosa</strong></span> <span class='ocrx_word' id='word_1_66' title='bbox 882 1316 936 1384; x_wconf 82' lang='lat' dir='ltr'><strong>vel</strong></span> <span class='ocrx_word' id='word_1_67' title='bbox 950 1318 1112 1394; x_wconf 75' lang='lat' dir='ltr'><strong>actiacae,</strong></span> <span class='ocrx_word' id='word_1_68' title='bbox 1138 1319 1361 1384; x_wconf 85' lang='lat' dir='ltr'><strong>crassiuscula.</strong></span> 
     </span>
    </p>
   </div>
   <div class='ocr_carea' id='block_1_4' title="bbox 5 1511 1909 1744">
    <p class='ocr_par' dir='ltr' id='par_1_5' title="bbox 5 1511 1909 1744">
     <span class='ocr_line' id='line_1_9' title="bbox 5 1511 1909 1625; baseline 0 -40"><span class='ocrx_word' id='word_1_69' title='bbox 5 1538 6 1611; x_wconf 61' lang='lat' dir='ltr'><strong>l</strong></span> <span class='ocrx_word' id='word_1_70' title='bbox 232 1528 268 1599; x_wconf 82' lang='lat'><strong>3.</strong></span> <span class='ocrx_word' id='word_1_71' title='bbox 289 1618 292 1625; x_wconf 89' lang='lat'><strong>.</strong></span> <span class='ocrx_word' id='word_1_72' title='bbox 327 1515 370 1585; x_wconf 86' lang='lat' dir='ltr'><strong>U.</strong></span> <span class='ocrx_word' id='word_1_73' title='bbox 387 1511 581 1601; x_wconf 85' lang='lat' dir='ltr'><strong>rubescens</strong></span> <span class='ocrx_word' id='word_1_74' title='bbox 586 1536 601 1602; x_wconf 89' lang='lat'><strong>,·</strong></span> <span class='ocrx_word' id='word_1_75' title='bbox 627 1511 757 1583; x_wconf 83' lang='lat' dir='ltr'><strong>fronde</strong></span> <span class='ocrx_word' id='word_1_76' title='bbox 769 1512 977 1604; x_wconf 80' lang='lat' dir='ltr'><strong>lanceolata,</strong></span> <span class='ocrx_word' id='word_1_77' title='bbox 1002 1513 1059 1586; x_wconf 82' lang='lat' dir='ltr'><strong>vel</strong></span> <span class='ocrx_word' id='word_1_78' title='bbox 1074 1513 1367 1605; x_wconf 84' lang='lat' dir='ltr'><strong>subcuneiformi,</strong></span> <span class='ocrx_word' id='word_1_79' title='bbox 1392 1516 1493 1607; x_wconf 84' lang='lat' dir='ltr'><strong>apice</strong></span> <span class='ocrx_word' id='word_1_80' title='bbox 1506 1515 1637 1607; x_wconf 85' lang='lat' dir='ltr'><strong>lobata,</strong></span> <span class='ocrx_word' id='word_1_81' title='bbox 1651 1519 1711 1590; x_wconf 81' lang='lat' dir='ltr'><strong>in-</strong></span> <span class='ocrx_word' id='word_1_82' title='bbox 1761 1514 1852 1589; x_wconf 81' lang='lat' dir='ltr'><strong>Tab·</strong></span> <span class='ocrx_word' id='word_1_83' title='bbox 1873 1520 1909 1596; x_wconf 82' lang='lat'><strong>7.</strong></span> 
     </span>
     <span class='ocr_line' id='line_1_10' title="bbox 143 1628 1294 1744; baseline -0.008 -19"><span class='ocrx_word' id='word_1_84' title='bbox 143 1664 268 1744; x_wconf 77' lang='lat' dir='ltr'><strong>tegra3</strong></span> <span class='ocrx_word' id='word_1_85' title='bbox 292 1634 484 1719; x_wconf 82' lang='lat' dir='ltr'><strong>seminibus</strong></span> <span class='ocrx_word' id='word_1_86' title='bbox 503 1647 728 1739; x_wconf 88' lang='lat' dir='ltr'><strong>majusculis,</strong></span> <span class='ocrx_word' id='word_1_87' title='bbox 747 1646 939 1740; x_wconf 80' lang='lat' dir='ltr'><strong>solitariis,</strong></span> <span class='ocrx_word' id='word_1_88' title='bbox 971 1628 1094 1718; x_wconf 81' lang='lat' dir='ltr'><strong>frondi</strong></span> <span class='ocrx_word' id='word_1_89' title='bbox 1106 1651 1294 1719; x_wconf 82' lang='lat' dir='ltr'><strong>immersis.</strong></span> 
     </span>
    </p>
   </div>
   <div class='ocr_carea' id='block_1_5' title="bbox 140 1811 1714 2021">
    <p class='ocr_par' dir='ltr' id='par_1_6' title="bbox 140 1811 1714 2021">
     <span class='ocr_line' id='line_1_11' title="bbox 140 1811 1714 1907; baseline 0.002 -22"><span class='ocrx_word' id='word_1_90' title='bbox 140 1828 146 1835; x_wconf 88' lang='grc'><strong>’</strong></span> <span class='ocrx_word' id='word_1_91' title='bbox 197 1816 354 1885; x_wconf 82' lang='lat' dir='ltr'><strong>Habitat</strong></span> <span class='ocrx_word' id='word_1_92' title='bbox 366 1817 404 1884; x_wconf 92' lang='lat' dir='ltr'><strong>in</strong></span> <span class='ocrx_word' id='word_1_93' title='bbox 416 1811 596 1906; x_wconf 82' lang='lat' dir='ltr'><strong>profimdo</strong></span> <span class='ocrx_word' id='word_1_94' title='bbox 609 1816 716 1882; x_wconf 86' lang='lat' dir='ltr'><strong>meris</strong></span> <span class='ocrx_word' id='word_1_95' title='bbox 734 1824 817 1885; x_wconf 87' lang='lat' dir='ltr'><strong>ante</strong></span> <span class='ocrx_word' id='word_1_96' title='bbox 839 1817 971 1884; x_wconf 87' lang='lat' dir='ltr'><strong>ostium</strong></span> <span class='ocrx_word' id='word_1_97' title='bbox 994 1817 1092 1885; x_wconf 86' lang='lat' dir='ltr'><strong>sinus</strong></span> <span class='ocrx_word' id='word_1_98' title='bbox 1104 1813 1279 1886; x_wconf 84' lang='lat' dir='ltr'><strong>Oxefiord</strong></span> <span class='ocrx_word' id='word_1_99' title='bbox 1292 1812 1501 1907; x_wconf 79' lang='lat' dir='ltr'><strong>Norregiae,</strong></span> <span class='ocrx_word' id='word_1_100' title='bbox 1527 1816 1629 1888; x_wconf 87' lang='lat' dir='ltr'><strong>Fuco</strong></span> <span class='ocrx_word' id='word_1_101' title='bbox 1648 1837 1714 1890; x_wconf 81' lang='lat' dir='ltr'><strong>ta·</strong></span> 
     </span>
     <span class='ocr_line' id='line_1_12' title="bbox 148 1947 1463 2021; baseline -0.006 0"><span class='ocrx_word' id='word_1_102' title='bbox 148 1947 752 2021; x_wconf 76' lang='lat' dir='ltr'><strong>siculosoetaliisraroinnascens.</strong></span> <span class='ocrx_word' id='word_1_103' title='bbox 1114 1950 1117 1957; x_wconf 82' lang='grc'><strong>“</strong></span> <span class='ocrx_word' id='word_1_104' title='bbox 1460 1952 1463 1957; x_wconf 90' lang='grc'><strong>’</strong></span> 
     </span>
    </p>
   </div>
   <div class='ocr_carea' id='block_1_6' title="bbox 195 2098 1713 2819">
    <p class='ocr_par' dir='ltr' id='par_1_7' title="bbox 195 2098 1713 2819">
     <span class='ocr_line' id='line_1_13' title="bbox 195 2098 1712 2193; baseline -0.001 -24"><span class='ocrx_word' id='word_1_105' title='bbox 195 2103 316 2171; x_wconf 80' lang='lat' dir='ltr'><strong>DESG.</strong></span> <span class='ocrx_word' id='word_1_106' title='bbox 356 2104 463 2172; x_wconf 83' lang='lat' dir='ltr'><strong>Radix</strong></span> <span class='ocrx_word' id='word_1_107' title='bbox 479 2101 578 2168; x_wconf 83' lang='lat' dir='ltr'><strong>callus</strong></span> <span class='ocrx_word' id='word_1_108' title='bbox 600 2124 720 2193; x_wconf 80' lang='lat' dir='ltr'><strong>parvus</strong></span> <span class='ocrx_word' id='word_1_109' title='bbox 738 2102 913 2185; x_wconf 77' lang='lat' dir='ltr'><strong>nigricans.</strong></span> <span class='ocrx_word' id='word_1_110' title='bbox 967 2102 1076 2191; x_wconf 77' lang='lat' dir='ltr'><strong>Stipes</strong></span> <span class='ocrx_word' id='word_1_111' title='bbox 1095 2098 1216 2165; x_wconf 86' lang='lat' dir='ltr'><strong>nullus.</strong></span> <span class='ocrx_word' id='word_1_112' title='bbox 1264 2099 1396 2165; x_wconf 82' lang='lat' dir='ltr'><strong>Folium</strong></span> <span class='ocrx_word' id='word_1_113' title='bbox 1407 2102 1562 2191; x_wconf 84' lang='lat' dir='ltr'><strong>planum,</strong></span> <span class='ocrx_word' id='word_1_114' title='bbox 1584 2126 1712 2187; x_wconf 68' lang='lat' dir='ltr'><strong>enerve,</strong></span> 
     </span>
     <span class='ocr_line' id='line_1_14' title="bbox 278 2199 1713 2297; baseline 0 -23"><span class='ocrx_word' id='word_1_115' title='bbox 278 2209 349 2274; x_wconf 89' lang='lat' dir='ltr'><strong>basi</strong></span> <span class='ocrx_word' id='word_1_116' title='bbox 364 2223 579 2286; x_wconf 87' lang='lat' dir='ltr'><strong>attenuatum,</strong></span> <span class='ocrx_word' id='word_1_117' title='bbox 604 2205 682 2279; x_wconf 72' lang='lat' dir='ltr'><strong>stad</strong></span> <span class='ocrx_word' id='word_1_118' title='bbox 697 2204 867 2297; x_wconf 87' lang='lat' dir='ltr'><strong>3pollices</strong></span> <span class='ocrx_word' id='word_1_119' title='bbox 883 2204 1039 2290; x_wconf 83' lang='lat' dir='ltr'><strong>longum,</strong></span> <span class='ocrx_word' id='word_1_120' title='bbox 1060 2221 1094 2269; x_wconf 89' lang='lat' dir='ltr'><strong>ct</strong></span> <span class='ocrx_word' id='word_1_121' title='bbox 1119 2199 1355 2293; x_wconf 83' lang='lat' dir='ltr'><strong>semipollicem</strong></span> <span class='ocrx_word' id='word_1_122' title='bbox 1372 2222 1411 2287; x_wconf 87' lang='lat' dir='ltr'><strong>et</strong></span> <span class='ocrx_word' id='word_1_123' title='bbox 1430 2203 1515 2271; x_wconf 86' lang='lat' dir='ltr'><strong>ultra</strong></span> <span class='ocrx_word' id='word_1_124' title='bbox 1537 2205 1655 2288; x_wconf 83' lang='lat' dir='ltr'><strong>latum,</strong></span> <span class='ocrx_word' id='word_1_125' title='bbox 1676 2226 1713 2279; x_wconf 86' lang='lat' dir='ltr'><strong>ut</strong></span> 
     </span>
     <span class='ocr_line' id='line_1_15' title="bbox 278 2304 1712 2404; baseline -0.001 -26"><span class='ocrx_word' id='word_1_126' title='bbox 278 2313 457 2404; x_wconf 90' lang='lat' dir='ltr'><strong>plurimum</strong></span> <span class='ocrx_word' id='word_1_127' title='bbox 473 2309 707 2388; x_wconf 86' lang='lat' dir='ltr'><strong>lanceolatum,</strong></span> <span class='ocrx_word' id='word_1_128' title='bbox 732 2308 899 2374; x_wconf 88' lang='lat' dir='ltr'><strong>interdum</strong></span> <span class='ocrx_word' id='word_1_129' title='bbox 916 2307 1119 2374; x_wconf 83' lang='lat' dir='ltr'><strong>cuneiforme</strong></span> <span class='ocrx_word' id='word_1_130' title='bbox 1140 2325 1172 2373; x_wconf 91' lang='lat' dir='ltr'><strong>et</strong></span> <span class='ocrx_word' id='word_1_131' title='bbox 1196 2308 1288 2399; x_wconf 85' lang='lat' dir='ltr'><strong>apice</strong></span> <span class='ocrx_word' id='word_1_132' title='bbox 1311 2304 1598 2392; x_wconf 85' lang='lat' dir='ltr'><strong>lobato-incisum,</strong></span> <span class='ocrx_word' id='word_1_133' title='bbox 1622 2336 1712 2376; x_wconf 88' lang='lat' dir='ltr'><strong>mar-</strong></span> 
     </span>
     <span class='ocr_line' id='line_1_16' title="bbox 278 2408 1710 2500; baseline -0.001 -19"><span class='ocrx_word' id='word_1_134' title='bbox 278 2419 353 2500; x_wconf 77' lang='lat' dir='ltr'><strong>gine</strong></span> <span class='ocrx_word' id='word_1_135' title='bbox 375 2416 631 2498; x_wconf 81' lang='lat' dir='ltr'><strong>integerrimum.</strong></span> <span class='ocrx_word' id='word_1_136' title='bbox 682 2414 824 2478; x_wconf 82' lang='lat' dir='ltr'><strong>Fructus</strong></span> <span class='ocrx_word' id='word_1_137' title='bbox 849 2413 981 2497; x_wconf 83' lang='lat' dir='ltr'><strong>Semina</strong></span> <span class='ocrx_word' id='word_1_138' title='bbox 1004 2410 1200 2494; x_wconf 82' lang='lat' dir='ltr'><strong>majuscula,</strong></span> <span class='ocrx_word' id='word_1_139' title='bbox 1234 2426 1328 2477; x_wconf 82' lang='lat' dir='ltr'><strong>ovata</strong></span> <span class='ocrx_word' id='word_1_140' title='bbox 1351 2408 1404 2477; x_wconf 83' lang='lat' dir='ltr'><strong>vel</strong></span> <span class='ocrx_word' id='word_1_141' title='bbox 1428 2413 1586 2491; x_wconf 88' lang='lat' dir='ltr'><strong>rotunda,</strong></span> <span class='ocrx_word' id='word_1_142' title='bbox 1611 2414 1710 2494; x_wconf 86' lang='lat' dir='ltr'><strong>fusca,</strong></span> 
     </span>
     <span class='ocr_line' id='line_1_17' title="bbox 278 2513 1709 2592; baseline -0.002 -5"><span class='ocrx_word' id='word_1_143' title='bbox 278 2519 390 2588; x_wconf 80' lang='lat' dir='ltr'><strong>frondi</strong></span> <span class='ocrx_word' id='word_1_144' title='bbox 405 2517 550 2584; x_wconf 89' lang='lat' dir='ltr'><strong>solitarie</strong></span> <span class='ocrx_word' id='word_1_145' title='bbox 575 2533 609 2582; x_wconf 92' lang='lat' dir='ltr'><strong>et</strong></span> <span class='ocrx_word' id='word_1_146' title='bbox 622 2515 806 2582; x_wconf 88' lang='lat' dir='ltr'><strong>inordinate</strong></span> <span class='ocrx_word' id='word_1_147' title='bbox 829 2518 992 2580; x_wconf 85' lang='lat' dir='ltr'><strong>immersa.</strong></span> <span class='ocrx_word' id='word_1_148' title='bbox 1038 2513 1141 2581; x_wconf 80' lang='lat' dir='ltr'><strong>Color</strong></span> <span class='ocrx_word' id='word_1_149' title='bbox 1167 2514 1294 2592; x_wconf 88' lang='lat' dir='ltr'><strong>fuscus,</strong></span> <span class='ocrx_word' id='word_1_150' title='bbox 1318 2514 1421 2579; x_wconf 87' lang='lat' dir='ltr'><strong>rubro</strong></span> <span class='ocrx_word' id='word_1_151' title='bbox 1446 2517 1575 2581; x_wconf 83' lang='lat' dir='ltr'><strong>tinctus.</strong></span> <span class='ocrx_word' id='word_1_152' title='bbox 1621 2518 1709 2584; x_wconf 83' lang='lat' dir='ltr'><strong>Sub·</strong></span> 
     </span>
     <span class='ocr_line' id='line_1_18' title="bbox 279 2614 1711 2708; baseline -0.003 -17"><span class='ocrx_word' id='word_1_153' title='bbox 279 2627 394 2690; x_wconf 85' lang='lat' dir='ltr'><strong>stantia</strong></span> <span class='ocrx_word' id='word_1_154' title='bbox 410 2623 676 2695; x_wconf 85' lang='lat' dir='ltr'><strong>membranacea,</strong></span> <span class='ocrx_word' id='word_1_155' title='bbox 700 2618 760 2681; x_wconf 84' lang='lat' dir='ltr'><strong>sub</strong></span> <span class='ocrx_word' id='word_1_156' title='bbox 775 2616 862 2680; x_wconf 89' lang='lat' dir='ltr'><strong>lente</strong></span> <span class='ocrx_word' id='word_1_157' title='bbox 876 2618 1008 2705; x_wconf 87' lang='lat' dir='ltr'><strong>punctis</strong></span> <span class='ocrx_word' id='word_1_158' title='bbox 1033 2614 1312 2701; x_wconf 81' lang='lat' dir='ltr'><strong>longitudinaliter</strong></span> <span class='ocrx_word' id='word_1_159' title='bbox 1331 2615 1507 2708; x_wconf 75' lang='lat' dir='ltr'><strong>dispositis,</strong></span> <span class='ocrx_word' id='word_1_160' title='bbox 1517 2621 1711 2693; x_wconf 77' lang='lat' dir='ltr'><strong>seminibus-</strong></span> 
     </span>
     <span class='ocr_line' id='line_1_19' title="bbox 283 2717 1072 2819; baseline -0.015 -23"><span class='ocrx_word' id='word_1_161' title='bbox 283 2752 343 2819; x_wconf 73' lang='lat' dir='ltr'><strong>que</strong></span> <span class='ocrx_word' id='word_1_162' title='bbox 356 2726 535 2812; x_wconf 87' lang='lat' dir='ltr'><strong>majoribus</strong></span> <span class='ocrx_word' id='word_1_163' title='bbox 551 2719 763 2799; x_wconf 81' lang='lat' dir='ltr'><strong>intermixtis,</strong></span> <span class='ocrx_word' id='word_1_164' title='bbox 786 2717 927 2810; x_wconf 86' lang='lat' dir='ltr'><strong>pulchre</strong></span> <span class='ocrx_word' id='word_1_165' title='bbox 951 2735 1072 2785; x_wconf 88' lang='lat' dir='ltr'><strong>notata.</strong></span> 
     </span>
    </p>
   </div>
   <div class='ocr_carea' id='block_1_7' title="bbox 223 2913 1711 3043">
    <p class='ocr_par' dir='ltr' id='par_1_8' title="bbox 223 2913 1711 3043">
     <span class='ocr_line' id='line_1_20' title="bbox 223 2913 1711 3043; baseline 0.003 -46"><span class='ocrx_word' id='word_1_166' title='bbox 223 2933 258 3011; x_wconf 80' lang='grc'><strong>4.</strong></span> <span class='ocrx_word' id='word_1_167' title='bbox 317 2925 357 2999; x_wconf 82' lang='lat' dir='ltr'><strong>U.</strong></span> <span class='ocrx_word' id='word_1_168' title='bbox 379 2919 603 3012; x_wconf 83' lang='lat' dir='ltr'><strong>sobolisera,·</strong></span> <span class='ocrx_word' id='word_1_169' title='bbox 627 2913 758 2988; x_wconf 84' lang='lat' dir='ltr'><strong>fronde</strong></span> <span class='ocrx_word' id='word_1_170' title='bbox 778 2917 905 3011; x_wconf 85' lang='lat' dir='ltr'><strong>plana,</strong></span> <span class='ocrx_word' id='word_1_171' title='bbox 929 2917 1307 3013; x_wconf 65' lang='lat' dir='ltr'><strong>palmato-laciniam,</strong></span> <span class='ocrx_word' id='word_1_172' title='bbox 1332 2925 1495 3019; x_wconf 70' lang='lat' dir='ltr'><strong>margine</strong></span> <span class='ocrx_word' id='word_1_173' title='bbox 1519 2919 1711 3043; x_wconf 67' lang='lat' dir='ltr'><strong>pmllfers5</strong></span> 
     </span>
    </p>
   </div>
   <div class='ocr_carea' id='block_1_8' title="bbox 146 3050 1676 3380">
    <p class='ocr_par' dir='ltr' id='par_1_9' title="bbox 146 3050 1676 3380">
     <span class='ocr_line' id='line_1_21' title="bbox 146 3050 1267 3145; baseline -0.006 -11"><span class='ocrx_word' id='word_1_174' title='bbox 146 3060 283 3133; x_wconf 75' lang='lat' dir='ltr'><strong>laciniis</strong></span> <span class='ocrx_word' id='word_1_175' title='bbox 299 3084 442 3132; x_wconf 88' lang='lat' dir='ltr'><strong>sursum</strong></span> <span class='ocrx_word' id='word_1_176' title='bbox 456 3054 631 3142; x_wconf 68' lang='lat' dir='ltr'><strong>aunam,</strong></span> <span class='ocrx_word' id='word_1_177' title='bbox 655 3054 803 3123; x_wconf 80' lang='lat' dir='ltr'><strong>summis</strong></span> <span class='ocrx_word' id='word_1_178' title='bbox 823 3056 925 3145; x_wconf 82' lang='lat' dir='ltr'><strong>apice</strong></span> <span class='ocrx_word' id='word_1_179' title='bbox 939 3050 1267 3127; x_wconf 78' lang='lat' dir='ltr'><strong>multifido-&#39;incisis</strong></span> 
     </span>
     <span class='ocr_line' id='line_1_22' title="bbox 277 3187 1676 3269; baseline -0.006 -19"><span class='ocrx_word' id='word_1_180' title='bbox 277 3196 367 3250; x_wconf 78' lang='lat' dir='ltr'><strong>Fusus</strong></span> <span class='ocrx_word' id='word_1_181' title='bbox 383 3193 557 3265; x_wconf 76' lang='lat' dir='ltr'><strong>soboliserus</strong></span> <span class='ocrx_word' id='word_1_182' title='bbox 572 3193 608 3249; x_wconf 83' lang='lat' dir='ltr'><strong>Fl.</strong></span> <span class='ocrx_word' id='word_1_183' title='bbox 629 3190 656 3248; x_wconf 88' lang='lat' dir='ltr'><strong>d.</strong></span> <span class='ocrx_word' id='word_1_184' title='bbox 676 3192 711 3246; x_wconf 91' lang='lat' dir='ltr'><strong>T.</strong></span> <span class='ocrx_word' id='word_1_185' title='bbox 734 3187 807 3258; x_wconf 82' lang='lat'><strong>1065.</strong></span> <span class='ocrx_word' id='word_1_186' title='bbox 825 3211 863 3230; x_wconf 89' lang='lat'><em>-</em></span> <span class='ocrx_word' id='word_1_187' title='bbox 878 3190 966 3243; x_wconf 83' lang='lat' dir='ltr'><strong>Tum.</strong></span> <span class='ocrx_word' id='word_1_188' title='bbox 985 3189 1057 3245; x_wconf 78' lang='lat' dir='ltr'><strong>ltin.</strong></span> <span class='ocrx_word' id='word_1_189' title='bbox 1080 3190 1114 3244; x_wconf 87' lang='grc' dir='ltr'><strong>Τ.</strong></span> <span class='ocrx_word' id='word_1_190' title='bbox 1133 3206 1177 3263; x_wconf 73' lang='lat'><strong>45.</strong></span> <span class='ocrx_word' id='word_1_191' title='bbox 1197 3219 1234 3235; x_wconf 90' lang='lat'><strong>-·</strong></span> <span class='ocrx_word' id='word_1_192' title='bbox 1257 3191 1407 3257; x_wconf 65' lang='lat' dir='ltr'><strong>Wahlsnb.</strong></span> <span class='ocrx_word' id='word_1_193' title='bbox 1425 3191 1454 3249; x_wconf 77' lang='lat' dir='ltr'><strong>fl.</strong></span> <span class='ocrx_word' id='word_1_194' title='bbox 1473 3191 1546 3269; x_wconf 73' lang='lat' dir='ltr'><strong>lspp,</strong></span> <span class='ocrx_word' id='word_1_195' title='bbox 1571 3212 1600 3251; x_wconf 74' lang='lat' dir='ltr'><strong>n,</strong></span> <span class='ocrx_word' id='word_1_196' title='bbox 1613 3199 1676 3265; x_wconf 55' lang='lat' dir='ltr'><strong>m</strong></span> 
     </span>
     <span class='ocr_line' id='line_1_23' title="bbox 278 3298 880 3380; baseline -0.008 -22"><span class='ocrx_word' id='word_1_197' title='bbox 278 3306 453 3380; x_wconf 66' lang='lat' dir='ltr'><strong>Halymsnta</strong></span> <span class='ocrx_word' id='word_1_198' title='bbox 471 3302 630 3374; x_wconf 79' lang='lat' dir='ltr'><strong>soboltfera</strong></span> <span class='ocrx_word' id='word_1_199' title='bbox 647 3302 694 3371; x_wconf 73' lang='lat' dir='ltr'><strong>Ag.</strong></span> <span class='ocrx_word' id='word_1_200' title='bbox 713 3299 776 3369; x_wconf 78' lang='lat' dir='ltr'><strong>Syn.</strong></span> <span class='ocrx_word' id='word_1_201' title='bbox 796 3318 823 3371; x_wconf 87' lang='lat' dir='ltr'><strong>p.</strong></span> <span class='ocrx_word' id='word_1_202' title='bbox 839 3298 880 3364; x_wconf 79' lang='lat'><strong>36.</strong></span> 
     </span>
    </p>
   </div>
   <div class='ocr_carea' id='block_1_9' title="bbox 144 3411 1712 3632">
    <p class='ocr_par' dir='ltr' id='par_1_10' title="bbox 144 3411 1712 3632">
     <span class='ocr_line' id='line_1_24' title="bbox 144 3411 1712 3512; baseline -0.011 -21"><span class='ocrx_word' id='word_1_203' title='bbox 144 3418 303 3491; x_wconf 81' lang='lat' dir='ltr'><strong>Habitat</strong></span> <span class='ocrx_word' id='word_1_204' title='bbox 323 3420 362 3485; x_wconf 93' lang='lat' dir='ltr'><strong>in</strong></span> <span class='ocrx_word' id='word_1_205' title='bbox 378 3420 470 3485; x_wconf 86' lang='lat' dir='ltr'><strong>mari</strong></span> <span class='ocrx_word' id='word_1_206' title='bbox 487 3413 715 3505; x_wconf 75' lang='lat' dir='ltr'><strong>Finmarlaiae,</strong></span> <span class='ocrx_word' id='word_1_207' title='bbox 731 3413 775 3485; x_wconf 82' lang='lat' dir='ltr'><em>V</em></span> <span class='ocrx_word' id='word_1_208' title='bbox 769 3411 846 3483; x_wconf 79' lang='lat' dir='ltr'><strong>alal.</strong></span> <span class='ocrx_word' id='word_1_209' title='bbox 860 3451 911 3465; x_wconf 93' lang='lat'>-</span> <span class='ocrx_word' id='word_1_210' title='bbox 923 3412 965 3482; x_wconf 91' lang='lat' dir='ltr'><strong>Iu</strong></span> <span class='ocrx_word' id='word_1_211' title='bbox 982 3413 1066 3487; x_wconf 84' lang='lat' dir='ltr'><strong>sinn</strong></span> <span class='ocrx_word' id='word_1_212' title='bbox 1078 3418 1189 3488; x_wconf 87' lang='lat' dir='ltr'><strong>maris</strong></span> <span class='ocrx_word' id='word_1_213' title='bbox 1204 3437 1321 3510; x_wconf 84' lang='lat' dir='ltr'><strong>prope</strong></span> <span class='ocrx_word' id='word_1_214' title='bbox 1337 3416 1583 3512; x_wconf 66' lang='lat' dir='ltr'><strong>Nidarosiam3</strong></span> <span class='ocrx_word' id='word_1_215' title='bbox 1607 3415 1712 3490; x_wconf 68' lang='lat' dir='ltr'><strong>Ami.</strong></span> 
     </span>
     <span class='ocr_line' id='line_1_25' title="bbox 155 3545 840 3632; baseline 0.001 -17"><span class='ocrx_word' id='word_1_216' title='bbox 155 3569 223 3615; x_wconf 85' lang='lat' dir='ltr'><strong>cus</strong></span> <span class='ocrx_word' id='word_1_217' title='bbox 239 3545 502 3632; x_wconf 77' lang='lat' dir='ltr'><strong>Sommerfeldt</strong></span> <span class='ocrx_word' id='word_1_218' title='bbox 514 3550 554 3615; x_wconf 92' lang='lat' dir='ltr'><strong>in</strong></span> <span class='ocrx_word' id='word_1_219' title='bbox 564 3547 703 3616; x_wconf 83' lang='lat' dir='ltr'><strong>litteris.</strong></span> <span class='ocrx_word' id='word_1_220' title='bbox 836 3609 840 3616; x_wconf 88' lang='lat'><strong>.</strong></span> 
     </span>
    </p>
   </div>
   <div class='ocr_carea' id='block_1_10' title="bbox 194 3673 1714 4181">
    <p class='ocr_par' dir='ltr' id='par_1_11' title="bbox 194 3673 1714 4181">
     <span class='ocr_line' id='line_1_26' title="bbox 194 3673 1713 3772; baseline 0.005 -30"><span class='ocrx_word' id='word_1_221' title='bbox 194 3676 328 3743; x_wconf 47' lang='lat' dir='ltr'><strong>&#39;DESG</strong></span> <span class='ocrx_word' id='word_1_222' title='bbox 374 3674 479 3741; x_wconf 84' lang='lat' dir='ltr'><strong>Radix</strong></span> <span class='ocrx_word' id='word_1_223' title='bbox 497 3673 595 3739; x_wconf 82' lang='lat' dir='ltr'><strong>callus</strong></span> <span class='ocrx_word' id='word_1_224' title='bbox 611 3674 752 3756; x_wconf 78' lang='lat' dir='ltr'><strong>exiguus.</strong></span> <span class='ocrx_word' id='word_1_225' title='bbox 797 3675 902 3769; x_wconf 85' lang='lat' dir='ltr'><strong>Stipes</strong></span> <span class='ocrx_word' id='word_1_226' title='bbox 922 3680 1148 3761; x_wconf 81' lang='lat' dir='ltr'><strong>brevissimus,</strong></span> <span class='ocrx_word' id='word_1_227' title='bbox 1172 3678 1416 3762; x_wconf 66' lang='lat' dir='ltr'><strong>tardiusculus,</strong></span> <span class='ocrx_word' id='word_1_228' title='bbox 1440 3683 1713 3772; x_wconf 84' lang='lat' dir='ltr'><strong>mox&#39;&#39;compres·</strong></span> 
     </span>
     <span class='ocr_line' id='line_1_27' title="bbox 284 3776 1714 3879; baseline 0.007 -35"><span class='ocrx_word' id='word_1_229' title='bbox 284 3802 349 3844; x_wconf 86' lang='lat' dir='ltr'><strong>sus.</strong></span> <span class='ocrx_word' id='word_1_230' title='bbox 408 3779 516 3844; x_wconf 85' lang='lat' dir='ltr'><strong>Frons</strong></span> <span class='ocrx_word' id='word_1_231' title='bbox 539 3776 681 3868; x_wconf 87' lang='lat' dir='ltr'><strong>palmam</strong></span> <span class='ocrx_word' id='word_1_232' title='bbox 702 3779 827 3844; x_wconf 86' lang='lat' dir='ltr'><strong>circiter</strong></span> <span class='ocrx_word' id='word_1_233' title='bbox 848 3781 966 3867; x_wconf 82' lang='lat' dir='ltr'><strong>longa,</strong></span> <span class='ocrx_word' id='word_1_234' title='bbox 1000 3807 1145 3865; x_wconf 89' lang='lat' dir='ltr'><strong>ramosa,</strong></span> <span class='ocrx_word' id='word_1_235' title='bbox 1178 3784 1303 3878; x_wconf 88' lang='lat' dir='ltr'><strong>pluries</strong></span> <span class='ocrx_word' id='word_1_236' title='bbox 1331 3786 1459 3852; x_wconf 82' lang='lat' dir='ltr'><strong>bifurca</strong></span> <span class='ocrx_word' id='word_1_237' title='bbox 1485 3783 1539 3853; x_wconf 85' lang='lat' dir='ltr'><strong>vel</strong></span> <span class='ocrx_word' id='word_1_238' title='bbox 1560 3785 1714 3879; x_wconf 69' lang='lat' dir='ltr'><strong>palmam</strong></span> 
     </span>
     <span class='ocr_line' id='line_1_28' title="bbox 284 3879 1712 3982; baseline 0.006 -34"><span class='ocrx_word' id='word_1_239' title='bbox 284 3879 378 3948; x_wconf 88' lang='lat' dir='ltr'><strong>Folia</strong></span> <span class='ocrx_word' id='word_1_240' title='bbox 390 3883 517 3971; x_wconf 89' lang='lat' dir='ltr'><strong>apicem</strong></span> <span class='ocrx_word' id='word_1_241' title='bbox 530 3880 804 3959; x_wconf 69' lang='lat' dir='ltr'><strong>semustilatus,</strong></span> <span class='ocrx_word' id='word_1_242' title='bbox 828 3904 861 3951; x_wconf 89' lang='lat' dir='ltr'><strong>ct</strong></span> <span class='ocrx_word' id='word_1_243' title='bbox 873 3887 1167 3971; x_wconf 84' lang='lat' dir='ltr'><strong>subcuneisormia‚</strong></span> <span class='ocrx_word' id='word_1_244' title='bbox 1191 3908 1333 3957; x_wconf 82' lang='lat' dir='ltr'><strong>extrema</strong></span> <span class='ocrx_word' id='word_1_245' title='bbox 1349 3892 1440 3982; x_wconf 88' lang='lat' dir='ltr'><strong>apice</strong></span> <span class='ocrx_word' id='word_1_246' title='bbox 1456 3888 1604 3972; x_wconf 84' lang='lat' dir='ltr'><strong>dentata3</strong></span> <span class='ocrx_word' id='word_1_247' title='bbox 1629 3890 1712 3957; x_wconf 87' lang='lat' dir='ltr'><strong>den-</strong></span> 
     </span>
     <span class='ocr_line' id='line_1_29' title="bbox 283 3983 1712 4087; baseline 0.007 -37"><span class='ocrx_word' id='word_1_248' title='bbox 283 3986 368 4051; x_wconf 88' lang='lat' dir='ltr'><strong>tibus</strong></span> <span class='ocrx_word' id='word_1_249' title='bbox 389 3983 538 4076; x_wconf 85' lang='lat' dir='ltr'><strong>plurimis</strong></span> <span class='ocrx_word' id='word_1_250' title='bbox 567 3986 740 4066; x_wconf 87' lang='lat' dir='ltr'><strong>brevibus,</strong></span> <span class='ocrx_word' id='word_1_251' title='bbox 761 3988 969 4059; x_wconf 79' lang='lat' dir='ltr'><strong>subsemceis.</strong></span> <span class='ocrx_word' id='word_1_252' title='bbox 1014 3996 1130 4079; x_wconf 80' lang='lat' dir='ltr'><strong>Margo</strong></span> <span class='ocrx_word' id='word_1_253' title='bbox 1145 3997 1390 4082; x_wconf 80' lang='lat' dir='ltr'><strong>integerrimus,</strong></span> <span class='ocrx_word' id='word_1_254' title='bbox 1415 4016 1502 4086; x_wconf 76' lang='lat' dir='ltr'><strong>sepe</strong></span> <span class='ocrx_word' id='word_1_255' title='bbox 1524 3992 1712 4087; x_wconf 67' lang='lat' dir='ltr'><strong>proliioeus.</strong></span> 
     </span>
     <span class='ocr_line' id='line_1_30' title="bbox 283 4085 1712 4181; baseline 0.008 -28"><span class='ocrx_word' id='word_1_256' title='bbox 283 4085 386 4161; x_wconf 90' lang='lat' dir='ltr'><strong>Color</strong></span> <span class='ocrx_word' id='word_1_257' title='bbox 402 4114 523 4156; x_wconf 83' lang='lat' dir='ltr'><strong>roseus.</strong></span> <span class='ocrx_word' id='word_1_258' title='bbox 572 4089 757 4158; x_wconf 69' lang='lat' dir='ltr'><strong>subeuntia</strong></span> <span class='ocrx_word' id='word_1_259' title='bbox 779 4094 1045 4178; x_wconf 77' lang='lat' dir='ltr'><strong>menrbranacea,</strong></span> <span class='ocrx_word' id='word_1_260' title='bbox 1068 4100 1131 4167; x_wconf 88' lang='lat' dir='ltr'><strong>sub</strong></span> <span class='ocrx_word' id='word_1_261' title='bbox 1151 4098 1450 4181; x_wconf 65' lang='lat' dir='ltr'><strong>lenesmontem,</strong></span> <span class='ocrx_word' id='word_1_262' title='bbox 1472 4098 1607 4175; x_wconf 82' lang='lat' dir='ltr'><strong>maculis</strong></span> <span class='ocrx_word' id='word_1_263' title='bbox 1630 4098 1712 4165; x_wconf 91' lang='lat' dir='ltr'><strong>sub·</strong></span> 
     </span>
    </p>
   </div>
   <div class='ocr_carea' id='block_1_11' title="bbox 281 4191 572 4259">
    <p class='ocr_par' dir='ltr' id='par_1_12' title="bbox 281 4191 572 4259">
     <span class='ocr_line' id='line_1_31' title="bbox 281 4191 572 4259; baseline 0.007 -3"><span class='ocrx_word' id='word_1_264' title='bbox 281 4191 432 4258; x_wconf 86' lang='lat' dir='ltr'><strong>rotundis</strong></span> <span class='ocrx_word' id='word_1_265' title='bbox 449 4211 572 4259; x_wconf 88' lang='lat' dir='ltr'><strong>ornata.</strong></span> 
     </span>
    </p>
   </div>
   <div class='ocr_carea' id='block_1_12' title="bbox 123 4312 1714 4515">
    <p class='ocr_par' dir='ltr' id='par_1_13' title="bbox 123 4312 1714 4515">
     <span class='ocr_line' id='line_1_32' title="bbox 123 4312 1712 4403; baseline 0.005 -23"><span class='ocrx_word' id='word_1_266' title='bbox 123 4326 127 4333; x_wconf 90' lang='lat'>&#39;</span> <span class='ocrx_word' id='word_1_267' title='bbox 195 4313 288 4381; x_wconf 83' lang='lat' dir='ltr'><strong>OBS.</strong></span> <span class='ocrx_word' id='word_1_268' title='bbox 329 4316 378 4379; x_wconf 91' lang='lat' dir='ltr'><strong>Ne</strong></span> <span class='ocrx_word' id='word_1_269' title='bbox 394 4312 559 4382; x_wconf 87' lang='lat' dir='ltr'><strong>ulterioris</strong></span> <span class='ocrx_word' id='word_1_270' title='bbox 573 4314 774 4384; x_wconf 84' lang='lat' dir='ltr'><strong>confusionis</strong></span> <span class='ocrx_word' id='word_1_271' title='bbox 791 4343 868 4384; x_wconf 86' lang='lat' dir='ltr'><strong>ansa</strong></span> <span class='ocrx_word' id='word_1_272' title='bbox 883 4319 996 4403; x_wconf 86' lang='lat' dir='ltr'><strong>detur,</strong></span> <span class='ocrx_word' id='word_1_273' title='bbox 1022 4323 1087 4390; x_wconf 88' lang='lat' dir='ltr'><strong>hoc</strong></span> <span class='ocrx_word' id='word_1_274' title='bbox 1107 4322 1149 4388; x_wconf 87' lang='lat' dir='ltr'><strong>de</strong></span> <span class='ocrx_word' id='word_1_275' title='bbox 1162 4323 1315 4392; x_wconf 85' lang='lat' dir='ltr'><strong>citatione</strong></span> <span class='ocrx_word' id='word_1_276' title='bbox 1337 4322 1454 4387; x_wconf 84' lang='lat' dir='ltr'><strong>Floroe</strong></span> <span class='ocrx_word' id='word_1_277' title='bbox 1475 4321 1609 4386; x_wconf 63' lang='lat' dir='ltr'><strong>danim</strong></span> <span class='ocrx_word' id='word_1_278' title='bbox 1629 4322 1712 4388; x_wconf 86' lang='lat' dir='ltr'><strong>Tab.</strong></span> 
     </span>
     <span class='ocr_line' id='line_1_33' title="bbox 282 4417 1714 4515; baseline 0.011 -33"><span class='ocrx_word' id='word_1_279' title='bbox 282 4426 364 4489; x_wconf 77' lang='grc'><strong>1065</strong></span> <span class='ocrx_word' id='word_1_280' title='bbox 375 4417 576 4483; x_wconf 85' lang='lat' dir='ltr'><strong>monendum</strong></span> <span class='ocrx_word' id='word_1_281' title='bbox 590 4442 658 4487; x_wconf 87' lang='lat' dir='ltr'><strong>esse</strong></span> <span class='ocrx_word' id='word_1_282' title='bbox 673 4444 803 4488; x_wconf 84' lang='lat' dir='ltr'><strong>censeo.</strong></span> <span class='ocrx_word' id='word_1_283' title='bbox 849 4426 888 4488; x_wconf 94' lang='lat' dir='ltr'><strong>In</strong></span> <span class='ocrx_word' id='word_1_284' title='bbox 906 4424 1121 4515; x_wconf 86' lang='lat' dir='ltr'><strong>dispositione</strong></span> <span class='ocrx_word' id='word_1_285' title='bbox 1136 4426 1338 4493; x_wconf 82' lang='lat' dir='ltr'><strong>Tabularum</strong></span> <span class='ocrx_word' id='word_1_286' title='bbox 1355 4423 1452 4489; x_wconf 83' lang='lat' dir='ltr'><strong>Fld.</strong></span> <span class='ocrx_word' id='word_1_287' title='bbox 1467 4433 1559 4495; x_wconf 77' lang='lat'><strong>1065.</strong></span> <span class='ocrx_word' id='word_1_288' title='bbox 1572 4440 1608 4488; x_wconf 80' lang='lat' dir='ltr'><strong>et</strong></span> <span class='ocrx_word' id='word_1_289' title='bbox 1619 4435 1714 4497; x_wconf 59' lang='lat'><strong>{066⁴</strong></span> 
     </span>
    </p>
   </div>
   <div class='ocr_carea' id='block_1_13' title="bbox 281 4520 1716 4730">
    <p class='ocr_par' dir='ltr' id='par_1_14' title="bbox 281 4520 1716 4730">
     <span class='ocr_line' id='line_1_34' title="bbox 281 4520 1714 4616; baseline 0.01 -32"><span class='ocrx_word' id='word_1_290' title='bbox 281 4520 398 4585; x_wconf 86' lang='lat' dir='ltr'><strong>menda</strong></span> <span class='ocrx_word' id='word_1_291' title='bbox 416 4522 592 4610; x_wconf 86' lang='lat' dir='ltr'><strong>irrepserat</strong></span> <span class='ocrx_word' id='word_1_292' title='bbox 607 4541 761 4613; x_wconf 87' lang='lat' dir='ltr'><strong>respectu</strong></span> <span class='ocrx_word' id='word_1_293' title='bbox 778 4540 893 4605; x_wconf 86' lang='lat' dir='ltr'><strong>textus,</strong></span> <span class='ocrx_word' id='word_1_294' title='bbox 917 4530 975 4616; x_wconf 81' lang='lat' dir='ltr'><strong>qvi</strong></span> <span class='ocrx_word' id='word_1_295' title='bbox 992 4528 1163 4612; x_wconf 68' lang='lat' dir='ltr'><strong>unguem</strong></span> <span class='ocrx_word' id='word_1_296' title='bbox 1179 4530 1340 4611; x_wconf 51' lang='lat' dir='ltr'><strong>commem</strong></span> <span class='ocrx_word' id='word_1_297' title='bbox 1364 4527 1503 4616; x_wconf 65' lang='lat' dir='ltr'><strong>ideoque</strong></span> <span class='ocrx_word' id='word_1_298' title='bbox 1515 4523 1600 4593; x_wconf 78' lang='lat' dir='ltr'><strong>Cell·</strong></span> <span class='ocrx_word' id='word_1_299' title='bbox 1611 4527 1714 4604; x_wconf 67' lang='lat' dir='ltr'><strong>Roth,</strong></span> 
     </span>
     <span class='ocr_line' id='line_1_35' title="bbox 287 4624 1716 4730; baseline 0.002 -41"><span class='ocrx_word' id='word_1_300' title='bbox 287 4624 510 4714; x_wconf 58' lang='lat' dir='ltr'><strong>wentepohl,</strong></span> <span class='ocrx_word' id='word_1_301' title='bbox 536 4624 688 4703; x_wconf 83' lang='lat' dir='ltr'><strong>Turner,</strong></span> <span class='ocrx_word' id='word_1_302' title='bbox 723 4628 780 4691; x_wconf 90' lang='lat' dir='ltr'><em>W</em></span> <span class='ocrx_word' id='word_1_303' title='bbox 777 4629 977 4719; x_wconf 78' lang='lat' dir='ltr'><strong>alelenlrerg,</strong></span> <span class='ocrx_word' id='word_1_304' title='bbox 1009 4630 1174 4730; x_wconf 57' lang='lat' dir='ltr'><strong>sigardi,</strong></span> <span class='ocrx_word' id='word_1_305' title='bbox 1207 4633 1323 4721; x_wconf 79' lang='lat' dir='ltr'><strong>quibus</strong></span> <span class='ocrx_word' id='word_1_306' title='bbox 1346 4631 1498 4695; x_wconf 87' lang='lat' dir='ltr'><strong>omnibus</strong></span> <span class='ocrx_word' id='word_1_307' title='bbox 1519 4628 1716 4719; x_wconf 82' lang='lat' dir='ltr'><strong>exemplaria</strong></span> 
     </span>
    </p>
   </div>
   <div class='ocr_carea' id='block_1_14' title="bbox 271 4725 1740 5134">
    <p class='ocr_par' dir='ltr' id='par_1_15' title="bbox 271 4725 1740 5134">
     <span class='ocr_line' id='line_1_36' title="bbox 271 4725 1714 4819; baseline 0.006 -28"><span class='ocrx_word' id='word_1_308' title='bbox 271 4728 459 4819; x_wconf 56' lang='lat' dir='ltr'><strong>,vetustiore</strong></span> <span class='ocrx_word' id='word_1_309' title='bbox 474 4725 580 4793; x_wconf 85' lang='lat' dir='ltr'><strong>Florae</strong></span> <span class='ocrx_word' id='word_1_310' title='bbox 597 4730 731 4795; x_wconf 82' lang='lat' dir='ltr'><strong>Danicae</strong></span> <span class='ocrx_word' id='word_1_311' title='bbox 747 4731 817 4796; x_wconf 90' lang='lat' dir='ltr'><strong>sine</strong></span> <span class='ocrx_word' id='word_1_312' title='bbox 832 4731 934 4799; x_wconf 87' lang='lat' dir='ltr'><strong>dubio</strong></span> <span class='ocrx_word' id='word_1_313' title='bbox 949 4732 991 4798; x_wconf 87' lang='lat' dir='ltr'><strong>ad</strong></span> <span class='ocrx_word' id='word_1_314' title='bbox 1006 4756 1121 4799; x_wconf 86' lang='lat' dir='ltr'><strong>manus</strong></span> <span class='ocrx_word' id='word_1_315' title='bbox 1137 4732 1279 4814; x_wconf 83' lang='lat' dir='ltr'><strong>suerunt,</strong></span> <span class='ocrx_word' id='word_1_316' title='bbox 1296 4733 1457 4803; x_wconf 84' lang='lat' dir='ltr'><strong>Tabulam</strong></span> <span class='ocrx_word' id='word_1_317' title='bbox 1474 4734 1565 4809; x_wconf 72' lang='lat'>10652</span> <span class='ocrx_word' id='word_1_318' title='bbox 1581 4733 1623 4799; x_wconf 79' lang='lat' dir='ltr'><strong>&#39;a&#39;d</strong></span> <span class='ocrx_word' id='word_1_319' title='bbox 1638 4734 1714 4799; x_wconf 65' lang='lat' dir='ltr'><strong>fte-</strong></span> 
     </span>
     <span class='ocr_line' id='line_1_37' title="bbox 286 4830 1714 4928; baseline 0.006 -33"><span class='ocrx_word' id='word_1_320' title='bbox 286 4853 362 4895; x_wconf 85' lang='lat' dir='ltr'><strong>cum</strong></span> <span class='ocrx_word' id='word_1_321' title='bbox 370 4832 546 4917; x_wconf 79' lang='lat' dir='ltr'><strong>pumilum</strong></span> <span class='ocrx_word' id='word_1_322' title='bbox 560 4830 613 4896; x_wconf 83' lang='lat' dir='ltr'><strong>Fl.</strong></span> <span class='ocrx_word' id='word_1_323' title='bbox 633 4831 666 4896; x_wconf 83' lang='lat' dir='ltr'><strong>d.</strong></span> <span class='ocrx_word' id='word_1_324' title='bbox 685 4851 718 4898; x_wconf 88' lang='lat' dir='ltr'><strong>et</strong></span> <span class='ocrx_word' id='word_1_325' title='bbox 733 4834 816 4899; x_wconf 88' lang='lat' dir='ltr'><strong>Tab.</strong></span> <span class='ocrx_word' id='word_1_326' title='bbox 835 4843 926 4906; x_wconf 79' lang='lat'><strong>1066.</strong></span> <span class='ocrx_word' id='word_1_327' title='bbox 943 4836 985 4900; x_wconf 90' lang='lat' dir='ltr'><strong>ad</strong></span> <span class='ocrx_word' id='word_1_328' title='bbox 1001 4838 1136 4903; x_wconf 78' lang='lat' dir='ltr'><strong>Facerem</strong></span> <span class='ocrx_word' id='word_1_329' title='bbox 1147 4837 1369 4924; x_wconf 78' lang='lat' dir='ltr'><strong>soboliferum</strong></span> <span class='ocrx_word' id='word_1_330' title='bbox 1388 4841 1506 4920; x_wconf 82' lang='lat' dir='ltr'><strong>citant3</strong></span> <span class='ocrx_word' id='word_1_331' title='bbox 1529 4858 1562 4905; x_wconf 89' lang='lat' dir='ltr'><strong>et</strong></span> <span class='ocrx_word' id='word_1_332' title='bbox 1582 4839 1714 4928; x_wconf 75' lang='lat' dir='ltr'><strong>quidem</strong></span> 
     </span>
     <span class='ocr_line' id='line_1_38' title="bbox 282 4932 1740 5034; baseline 0.006 -38"><span class='ocrx_word' id='word_1_333' title='bbox 282 4949 385 5012; x_wconf 88' lang='lat' dir='ltr'><strong>recte,</strong></span> <span class='ocrx_word' id='word_1_334' title='bbox 409 4932 571 5023; x_wconf 75' lang='lat' dir='ltr'><strong>siquidem</strong></span> <span class='ocrx_word' id='word_1_335' title='bbox 584 4934 722 5000; x_wconf 83' lang='lat' dir='ltr'><strong>Tabulae</strong></span> <span class='ocrx_word' id='word_1_336' title='bbox 739 4935 947 5020; x_wconf 77' lang='lat' dir='ltr'><strong>diagnosibns</strong></span> <span class='ocrx_word' id='word_1_337' title='bbox 961 4939 996 5002; x_wconf 82' lang='lat' dir='ltr'><strong>iu</strong></span> <span class='ocrx_word' id='word_1_338' title='bbox 1010 4942 1239 5008; x_wconf 83' lang='lat' dir='ltr'><strong>vetustioribus</strong></span> <span class='ocrx_word' id='word_1_339' title='bbox 1254 4943 1490 5034; x_wconf 80' lang='lat' dir='ltr'><strong>exemplaribus</strong></span> <span class='ocrx_word' id='word_1_340' title='bbox 1504 4944 1550 5006; x_wconf 84' lang='lat' dir='ltr'><strong>in</strong></span> <span class='ocrx_word' id='word_1_341' title='bbox 1562 4942 1645 5020; x_wconf 85' lang='lat' dir='ltr'><strong>bene</strong></span> <span class='ocrx_word' id='word_1_342' title='bbox 1658 4964 1715 5006; x_wconf 90' lang='lat' dir='ltr'><strong>re-</strong></span> <span class='ocrx_word' id='word_1_343' title='bbox 1727 4936 1740 4953; x_wconf 52' lang='lat'><em>⁸</em></span> 
     </span>
     <span class='ocr_line' id='line_1_39' title="bbox 277 5035 1714 5134; baseline 0.005 -32"><span class='ocrx_word' id='word_1_344' title='bbox 277 5035 459 5125; x_wconf 74' lang='lat' dir='ltr'><strong>spondent.</strong></span> <span class='ocrx_word' id='word_1_345' title='bbox 499 5037 646 5103; x_wconf 80' lang='lat' dir='ltr'><strong>Rotlrius</strong></span> <span class='ocrx_word' id='word_1_346' title='bbox 657 5040 784 5130; x_wconf 84' lang='lat' dir='ltr'><strong>primus</strong></span> <span class='ocrx_word' id='word_1_347' title='bbox 799 5039 899 5122; x_wconf 61' lang='lat' dir='ltr'><strong>hidas</strong></span> <span class='ocrx_word' id='word_1_348' title='bbox 910 5039 1138 5126; x_wconf 56' lang='lat' dir='ltr'><strong>mandarem</strong></span> <span class='ocrx_word' id='word_1_349' title='bbox 1159 5048 1359 5113; x_wconf 79' lang='lat' dir='ltr'><strong>mentionem</strong></span> <span class='ocrx_word' id='word_1_350' title='bbox 1386 5049 1422 5117; x_wconf 90' lang='lat' dir='ltr'><strong>in</strong></span> <span class='ocrx_word' id='word_1_351' title='bbox 1438 5046 1509 5121; x_wconf 77' lang='lat' dir='ltr'><strong>ess</strong></span> <span class='ocrx_word' id='word_1_352' title='bbox 1529 5036 1599 5118; x_wconf 73' lang='lat' dir='ltr'><strong>sss</strong></span> <span class='ocrx_word' id='word_1_353' title='bbox 1619 5056 1657 5125; x_wconf 79' lang='lat'><strong>2,</strong></span> <span class='ocrx_word' id='word_1_354' title='bbox 1678 5066 1714 5134; x_wconf 87' lang='lat' dir='ltr'><strong>p.</strong></span> 
     </span>
    </p>
   </div>
   <div class='ocr_carea' id='block_1_15' title="bbox 1245 5155 1325 5239">
    <p class='ocr_par' dir='ltr' id='par_1_16' title="bbox 1245 5155 1325 5239">
     <span class='ocr_line' id='line_1_40' title="bbox 1245 5155 1325 5239; baseline -0.025 0"><span class='ocrx_word' id='word_1_355' title='bbox 1245 5155 1325 5239; x_wconf 55' lang='grc' dir='ltr'><strong>(Ψ)</strong></span> 
     </span>
    </p>
   </div>
   <div class='ocr_carea' id='block_1_16' title="bbox 0 0 2374 6084">
    <p class='ocr_par' dir='ltr' id='par_1_17' title="bbox 0 0 2374 6084">
     <span class='ocr_line' id='line_1_41' title="bbox 0 0 2374 6084; baseline 0 0"><span class='ocrx_word' id='word_1_356' title='bbox 0 0 2374 6084; x_wconf 95' lang='lat' dir='ltr'><strong> </strong></span> 
     </span>
    </p>
   </div>
  </div>
 </body>
</html>
