4772 6106
692 518 768 592 100
1035 498 1208 581 wsereno
1234 495 1475 570 sesanna
1523 494 1830 574 soronam

770 724 923 793 congesta
940 723 1016 777 sunt
1031 706 1171 786 semina,
1204 702 1364 796 paulatim
1377 729 1417 770 ex
1433 706 1526 797 apice
1541 703 1649 771 tubali
1663 704 1806 773 lacerato
1821 703 1926 771 libere
1941 723 2078 789 exeunt,
2101 729 2224 776 novam

771 814 903 907 prolem
917 814 1092 898 genitura3
1117 828 1150 876 et
1163 825 1290 875 tantum
1304 810 1405 887 abest„
1431 827 1467 874 ut
1481 808 1550 876 Cel.
1572 809 1612 876 V
1607 811 1797 887 ascherius,
1819 812 1910 894 cujus
1929 835 2024 902 opus,
2046 831 2221 905 postqvana

773 917 1030 985 delineationem
1044 916 1144 999 hujus
1158 913 1279 1005 plantae
1294 936 1333 978 ac
1346 912 1602 1003 descriptionem
1623 912 1816 998 jamdudum
1835 915 2051 1009 peregissem,
2076 921 2223 1009 primum

752 1076 754 1081 ,
778 1021 976 1089 consulendi
992 1021 1067 1085 data
1088 1019 1152 1086 suit
1167 1018 1313 1096 occasio,
1339 1016 1417 1082 huic
1441 1017 1591 1106 opinioni
1614 1018 1868 1099 contradiceret,
1893 1037 1930 1085 ut
1951 1024 2062 1112 potius
2086 1024 2248 1087 omnino-

775 1129 978 1192 assentiatur.
1021 1126 1176 1191 Ceterum
1191 1119 1276 1188 cell.
1295 1120 1426 1188 Weber
1444 1136 1477 1183 et
1490 1120 1590 1185 Mohr
1603 1122 1638 1189 in
1653 1122 1811 1189 Grossbr.
1827 1124 1983 1192 Conseri.
2010 1150 2043 1191 n.
2060 1136 2112 1203 29⁶
2136 1150 2221 1191 con-

770 1228 931 1309 tendunt,
959 1226 1168 1317 Conservam
1172 1225 1384 1317 fluviatilem
1406 1224 1445 1288 L.
1459 1247 1588 1314 semper
1604 1223 1700 1308 lignis
1715 1225 1879 1293 inundatis
1895 1253 1956 1294 nec
1972 1253 2115 1319 nnqvam
2135 1229 2220 1292 saxis

774 1332 917 1400 adfixam
940 1356 1027 1415 esse3
1052 1335 1161 1401 omnia
1182 1355 1280 1410 vero,
1305 1352 1378 1419 qvae
1400 1351 1460 1411 ego
1482 1330 1518 1392 in
1539 1325 1621 1394 loeis
1644 1328 1805 1396 natalibus
1828 1331 1896 1398 vidi
1914 1333 2093 1423 specimina
2100 1379 2110 1413 ,
2135 1332 2224 1396 saris

703 1436 706 1445 '
773 1462 942 1528 nunqvam
956 1462 1024 1504 non
1040 1437 1260 1503 adhaerebant.
1284 1465 1326 1481 -
1345 1433 1493 1499 Varietas
1508 1437 1535 1516 β
1542 1479 1551 1512 ,
1574 1453 1672 1520 qvam
1685 1456 1847 1499 ramosam
1861 1433 1948 1516 dixi,
1973 1439 2095 1526 partim
2108 1436 2220 1516 ramis,

774 1544 897 1633 partim
910 1541 1043 1609 nodulis
1061 1541 1232 1624 insigniter
1247 1536 1485 1616 eminentibus,
1509 1533 1592 1601 adeo
1610 1553 1646 1600 ut
1660 1533 1810 1619 globulos
1828 1537 1897 1603 sere
1909 1538 2146 1628 pedunculatos
2160 1563 2218 1603 re-

776 1648 902 1727 ferant,
923 1669 1063 1738 qaorum
1081 1646 1165 1711 terni
1178 1641 1230 1711 vel
1245 1643 1396 1733 qvatcrni
1419 1641 1547 1708 nodum
1571 1640 1793 1728 constiterunt,
1819 1642 1914 1722 satis,
1936 1646 2132 1736 mopinot,
2158 1642 2214 1710 di-

775 1754 909 1836 stincta,
935 1774 1033 1844 qvam
1044 1774 1109 1844 pro
1123 1748 1287 1820 Varietate
1309 1744 1487 1817 venditent.
1599 1836 1602 1841 γ
