4772 6106
516 479 690 563 suono
722 474 958 549 secunus
1018 442 1388 553 oscuuerouu.
1639 494 1691 571 37

152 691 316 763 Habitat
334 688 503 761 infundo
517 687 648 760 limoso
667 688 866 780 fossarum,
890 691 1112 782 piscinarum
1133 701 1169 761 et
1191 690 1393 763 rivulorum
1417 689 1516 761 lente
1539 693 1742 786 fluentium,
1777 785 1779 791 ¹

151 829 322 920 impuras
338 847 443 918 aquas
459 822 684 916 vehentium,
708 825 855 895 demum
870 848 970 920 aquae
994 826 1196 921 superficiei
1209 829 1396 914 innatans,
1421 836 1478 895 sat
1493 825 1672 920 frequens.

201 988 330 1055 DESC.
377 986 524 1053 Stratrun
545 1010 746 1078 expansum,
778 987 1037 1056 indeterminata
1060 988 1310 1075 magnitudinis,
1335 988 1491 1079 palmaris
1513 1015 1600 1082 saepe
1624 1009 1739 1058 exten-

289 1092 409 1171 sionis,
431 1109 572 1158 saturate
585 1109 618 1157 et
631 1092 772 1158 obscure
787 1093 912 1175 uiride,
938 1093 1144 1179 longissimos
1159 1094 1270 1160 radios
1289 1094 1383 1159 breui
1409 1112 1557 1186 tempore
1577 1100 1738 1179 emittens,

287 1196 454 1263 substrato
478 1196 597 1265 limoso
620 1199 924 1289 superincumbens.
985 1198 1057 1265 Fila
1080 1197 1261 1289 simplicia,
1291 1199 1465 1278 continua,
1495 1199 1647 1288 pollicari
1670 1198 1740 1268 sere

285 1299 512 1389 longitudine,
536 1305 666 1381 stricta,
686 1319 797 1384 recta,
831 1306 926 1395 apice
940 1304 1076 1384 obtusa,
1101 1284 1302 1378 oscillantia,
1330 1303 1484 1367 citissime
1504 1305 1539 1368 in
1557 1303 1740 1391 longitudi-

286 1428 363 1471 nem
377 1409 609 1474 excrescentia.
646 1408 741 1475 Striae
758 1407 988 1474 transuersalcs
1007 1408 1179 1488 distincta,
1196 1404 1290 1472 facile
1307 1409 1504 1496 conspicua,
1530 1407 1738 1493 densissime,

285 1508 463 1603 parallelae.
509 1513 688 1580 interstitia
702 1511 943 1603 subpellucida,
959 1514 1171 1592 brevissima,
1196 1509 1357 1575 diametro
1379 1509 1427 1573 fili
1443 1510 1522 1601 &plo
1542 1517 1737 1598 angustiora.

288 1615 390 1682 Color
406 1618 501 1683 strati
525 1615 731 1698 atrouiridis,
755 1615 890 1683 filorum
905 1616 1105 1682 radiantium
1119 1613 1366 1692 coerulesccns,
1389 1613 1442 1681 uel
1457 1616 1596 1683 obscure
1604 1620 1740 1704 uiridis.

287 1722 374 1789 Vere
388 1738 421 1786 et
436 1702 567 1801 aestate,
612 1723 846 1788 Chartaearcte
862 1719 1020 1786 adhaeret.

204 1838 298 1906 OBS.
343 1836 414 1903 Fila
428 1838 525 1923 hujus
539 1840 666 1924 generis
681 1840 840 1903 continno
855 1835 922 1901 dici
935 1854 1097 1927 possunt,
1123 1835 1286 1927 siquidem
1304 1834 1418 1901 annuli
1432 1838 1554 1903 interni
1572 1857 1742 1909 transuer-

291 1942 390 2023 sales,
415 1945 470 2035 qvi
488 1960 644 2033 tanquam
658 1943 693 2007 iu
712 1939 868 2027 singulari
882 1938 999 2007 tubulo
1019 1941 1171 2007 interiori
1188 1939 1380 2004 densissime
1402 1944 1565 2030 compacti
1581 1961 1674 2024 sunt,
1697 1947 1741 2013 ad

289 2066 461 2139 utrumque
475 2047 522 2115 fili
537 2049 717 2133 marginem
732 2048 875 2138 spatium
903 2042 1110 2134 pellucidum
1134 2044 1330 2108 continuum
1352 2041 1553 2130 relinquunt.
1575 2080 1617 2093 -
1641 2049 1742 2120 Cetce

285 2178 360 2219 rum
374 2155 515 2243 species,
540 2152 581 2219 de
597 2177 661 2243 qua
680 2152 736 2217 hic
750 2150 936 2241 loquimur,
963 2146 991 2211 si
1008 2145 1129 2210 chartae
1146 2144 1208 2210 sub
1230 2166 1313 2232 aqva
1335 2144 1535 2232 imponitur,
1560 2148 1673 2233 celere}
1685 2154 1741 2219 in.

286 2275 490 2324 crementum
508 2260 612 2349 capit,
639 2275 671 2323 et
685 2256 739 2323 fila
754 2254 929 2348 pollicaria
946 2270 978 2318 et
993 2251 1081 2317 ultra
1106 2274 1170 2342 per
1186 2272 1287 2313 unam
1302 2264 1437 2314 noctem
1450 2252 1597 2319 emittere
1610 2274 1741 2346 potest,

288 2358 359 2430 htec
374 2362 428 2429 fila
441 2364 502 2428 sub
515 2362 603 2429 lente
614 2366 735 2427 mirum
748 2363 784 2425 in
803 2360 942 2429 modum
958 2355 1112 2425 oscillent
1125 2353 1178 2422 uel
1199 2378 1269 2419 sese
1286 2355 1460 2436 motitaut,
1487 2355 1586 2447 idque
1607 2362 1642 2425 in
1662 2387 1752 2429 om..

253 2476 258 2485 '
284 2493 342 2534 nes
358 2484 469 2558 partes
484 2485 516 2533 et
529 2466 743 2548 directiones,
766 2468 821 2533 uix
845 2482 955 2531 autem
975 2460 1103 2550 singula
1127 2459 1298 2540 solitarie,
1330 2457 1388 2527 sed
1414 2485 1481 2526 una
1504 2464 1574 2529 vice
1596 2463 1663 2532 duo
1686 2467 1741 2534 uel

283 2571 381 2664 plura
395 2574 536 2649 inuicem
551 2574 637 2641 hanc
655 2571 829 2640 oscillandi
844 2573 911 2635 uim
925 2583 1092 2634 exserunt.
1141 2563 1211 2631 Cel.
1232 2563 1275 2632 V
1267 2565 1447 2632 amiserim
1468 2567 1505 2631 in
1528 2592 1566 2631 ea
1589 2587 1637 2635 cst
1660 2575 1740 2664 opi-

286 2680 403 2760 nione,
425 2676 664 2744 Oscillatorias
682 2675 726 2742 ob
743 2676 830 2739 banc
845 2671 1034 2739 facultatem
1059 2670 1101 2737 ad
1124 2695 1264 2756 regnum
1287 2670 1425 2737 animale
1447 2672 1631 2762 pertinere,
1656 2679 1740 2767 quin

289 2784 383 2849 etiam
398 2789 438 2857 de
455 2784 562 2873 capite
580 2804 692 2848 earum
716 2798 748 2846 ct
767 2779 869 2846 cauda
892 2777 1030 2844 disserte
1049 2775 1212 2868 loquitur.
1260 2774 1332 2844 Cel.
1352 2775 1573 2867 Agardhius,
1604 2782 1661 2871 qvi
1683 2781 1738 2849 iila

288 2888 445 2956 nonnulla
460 2886 545 2957 vidit
559 2889 595 2953 in
620 2885 774 2972 globulos
792 2885 955 2953 levissime
979 2882 1184 2965 coherentes
1204 2882 1316 2964 abire,
1340 2907 1441 2974 eaque
1467 2907 1486 2949 e
1509 2900 1611 2955 strato
1634 2885 1747 2963 libcra-

286 3012 378 3063 motn
393 3013 544 3088 reptante
560 3018 663 3063 curvo
678 3010 711 3059 et
725 2990 907 3058 lentissimo
930 2993 965 3056 in
981 3013 1065 3080 aqva
1078 3012 1148 3054 scse
1171 2986 1378 3078 producere,
1403 2989 1526 3073 credit,
1554 3016 1590 3057 ea
1610 2994 1645 3058 in
1667 2994 1738 3061 aliis

284 3103 358 3170 uitae
373 3101 577 3193 temporibus
595 3124 663 3166 esse
678 3096 893 3182 vegetabilis,
915 3096 951 3159 in
967 3092 1040 3160 aliis
1054 3118 1123 3159 esse
1141 3094 1306 3161 animalia.
1347 3097 1419 3181 Ego
1443 3096 1597 3188 equidem
1619 3097 1737 3166 dehac

287 3228 334 3282 re,
354 3231 424 3298 que
440 3206 565 3275 altioris
582 3224 631 3273 est
645 3203 819 3289 indaginis,
844 3199 975 3267 nullum
991 3197 1078 3264 serre
1093 3198 1198 3268 audeo
1215 3200 1418 3286 suffragium.
1463 3202 1543 3270 Vidi
1557 3222 1645 3270 certe
1661 3229 1739 3272 mo-

287 3311 447 3378 tiunculas
460 3315 537 3378 istas
550 3313 611 3379 sub
626 3310 714 3377 lente
728 3309 868 3374 maxime
889 3321 1027 3390 augente
1048 3303 1138 3371 haud
1161 3329 1270 3389 raras3
1300 3306 1359 3374 sed
1380 3307 1458 3375 inde
1480 3308 1528 3375 nil
1550 3313 1632 3379 certi
1653 3337 1737 3379 con-

286 3414 418 3482 cludere
432 3415 526 3497 licet,
550 3416 712 3507 siquidem
732 3400 840 3481 motus
856 3435 949 3502 aeque
971 3410 1116 3477 mirandi
1138 3430 1171 3476 ct
1192 3411 1441 3504 inexplicabiles
1463 3415 1498 3480 in
1517 3414 1639 3505 plantis
1662 3420 1737 3508 qvi-

285 3519 425 3583 busdam
438 3520 702 3609 phanerogamis,
725 3543 758 3585 u.
775 3543 804 3582 c.
818 3516 1003 3603 Hedysnro
1013 3528 1179 3602 gyrante,
1199 3516 1518 3582 animadvertuntur.
1565 3520 1659 3599 Sunt,
1680 3524 1737 3609 qvi

294 3619 443 3696 credant,
464 3622 553 3682 hanc
567 3621 805 3682 oscillationem
819 3615 901 3697 luci,
927 3644 998 3710 quae
1015 3620 1050 3682 in
1070 3615 1124 3682 fila
1139 3617 1206 3680 vim
1223 3639 1315 3681 suam
1338 3618 1476 3698 exserit,
1501 3620 1636 3684 attribui
1651 3646 1735 3711 pos-

295 3741 329 3784 se
335 3744 347 3801 3
376 3736 536 3809 praetcrea
557 3742 625 3784 non
645 3718 844 3804 negandum,
876 3722 1053 3789 nonnullas
1074 3720 1208 3786 filorum
1231 3718 1451 3789 oscillatioucs
1472 3725 1733 3791 motitationibus

139 3818 160 3909 ι’
183 3838 186 3841 ’
293 3845 402 3914 aquae,
426 3850 445 3889 a
458 3823 622 3891 leuissima
640 3824 857 3893 observatoris
875 3830 1094 3920 respiratione
1110 3827 1207 3908 ortis,
1233 3824 1377 3892 adscribi
1392 3826 1532 3912 deberc3
1558 3830 1649 3925 qvod
1673 3856 1734 3897 au-

291 3946 429 4019 temper
442 3929 729 4021 prolongationem
743 3929 797 3997 fila
813 3957 846 4000 se
858 3936 1024 4017 motitant,
1050 3933 1085 4000 id
1098 3932 1190 4000 nulla
1204 3948 1253 3999 est
1268 3931 1440 4017 oscillatio,
1465 3936 1523 4004 sed
1539 3936 1640 4003 modo
1658 3962 1734 4004 crc-

286 4036 408 4099 scentia
420 4034 570 4103 diceuda.
612 4038 767 4104 Ceterum
784 4063 854 4105 non
871 4041 1030 4107 omuibus
1043 4041 1142 4126 hujus
1156 4040 1285 4125 generis
1307 4042 1498 4132 speciebus,
1511 4026 1579 4110 'sed
1606 4043 1733 4111 solum-

283 4138 387 4206 modo
400 4138 451 4220 iis,
477 4164 548 4231 qvae
563 4142 623 4206 sub
638 4143 746 4240 prima
758 4142 821 4209 bac
834 4144 1062 4214 subdivisione
1078 4148 1299 4224 continentur,
1322 4147 1390 4210 istas
1406 4146 1626 4215 oscillationcs
1641 4174 1735 4217 com-

282 4260 416 4333 petunt,
442 4244 585 4335 ideoqve
600 4244 668 4311 cel.
680 4248 886 4336 Agnrdbius
901 4250 1127 4319 Oscillatorias
1142 4252 1177 4313 in
1191 4270 1283 4314 ueras
1311 4263 1342 4312 et
1355 4251 1500 4337 spurias,
1527 4277 1599 4343 quae
1622 4254 1735 4324 forsan

280 4347 448 4439 peculiare
463 4372 565 4433 genus
582 4354 780 4419 constituere
793 4374 952 4445 possent,
970 4358 1034 4422 rite
1050 4353 1210 4420 distinxit.

224 4559 260 4627 2.
314 4550 356 4619 Ο.
378 4549 513 4644 nigra5
544 4551 613 4623 filis
637 4554 882 4646 simplicibus,
915 4550 1332 4647 griseo-lutescentibus,
1351 4553 1548 4641 marcatis,
1571 4575 1595 4624 e
1616 4563 1732 4625 strato
1755 4558 1848 4629 Tab.
1868 4561 1930 4641 26.ι

128 4687 255 4776 nigro
270 4684 408 4757 lubrico
428 4686 537 4780 longe
555 4689 801 4779 radiantibus,
824 4690 970 4782 rigidis,
994 4694 1112 4765 rectis.

283 4831 470 4888 osculatura
486 4843 574 4908 nigra
591 4836 830 4910 vsuct.-p„192.
849 4810 920 4891 'lab
944 4847 985 4903 ις.
1004 4837 1050 4911 fig.
1068 4846 1096 4906 4.
1114 4863 1149 4878 -
1167 4839 1216 4911 Ag,
1232 4837 1304 4893 Dec.
1324 4854 1349 4903 a,
1367 4856 1397 4895 n
1421 4848 1462 4902 ιε,
1490 4850 1517 4893 et
1536 4836 1599 4911 syn.
1620 4842 1729 4912 pffroffi

120 4971 298 5053 Habitat
312 4977 351 5055 iu
364 4975 491 5050 rimulis
505 4976 604 5053 lente
616 4980 814 5053 fluentibus
831 4979 878 5053 sd
891 4974 1073 5055 officinam
1089 4980 1282 5057 ferrariam
1295 4978 1381 5051 Naes
1398 4980 1608 5077 Nervegiae,
1627 4998 1729 5070 aqua

119 5107 347 5201 superficiei
362 5116 543 5186 innatans.
634 5178 638 5185 ,
