4772 6106
601 505 774 579 sncno
799 503 1015 597 vara.
1069 508 1349 582 consanta-
1630 526 1705 613 149

311 718 375 782 Per
401 732 506 782 totum
528 734 650 777 annum
682 728 714 775 et
737 712 772 776 in
794 713 974 787 radicibus?
987 713 1108 805 plantae
1129 730 1391 784 commemorata
1418 712 1487 779 sere
1509 721 1662 789 omnibus
1683 724 1756 791 sre-

310 840 427 913 qvenS.
473 817 601 883 Chartae
616 814 689 880 laxe
704 815 859 882 adhaeret.

220 937 314 1006 OBS.
362 937 452 1001 Inter
467 933 680 998 substantiam
699 931 822 997 radicis
842 931 998 1002 Pteridis
1018 935 1200 1022 aquilinae,
1225 936 1313 1001 unde
1333 955 1470 1002 succum
1490 941 1664 1005 nutritium
1682 943 1754 1010 basi

307 1064 365 1107 sua
380 1040 449 1103 haec
464 1036 576 1126 planta
590 1035 820 1102 verosimiliter
834 1038 985 1117 assumit,
1009 1054 1105 1126 atqve
1126 1041 1289 1103 internam
1310 1041 1415 1129 ipsius
1437 1039 1518 1125 algae
1542 1061 1752 1130 structuram,

307 1162 372 1209 tam
390 1139 500 1230 qvoad
516 1139 662 1207 colorem
677 1164 775 1230 qvam
792 1139 902 1230 qvoad
913 1142 1075 1206 internam
1098 1140 1255 1206 fabricam
1280 1145 1421 1208 maxima
1444 1146 1581 1211 interest
1602 1149 1751 1218 affinitas.

306 1248 419 1336 Qvare
433 1247 530 1326 etiam
546 1245 631 1309 hanc
646 1244 751 1330 algam
766 1242 814 1308 nil
830 1242 920 1309 aliud
935 1268 1003 1310 esse
1018 1247 1165 1335 primum
1178 1245 1324 1327 credidi,
1349 1272 1449 1337 qvam
1464 1248 1603 1317 iibrillas
1618 1253 1753 1337 radicis,

304 1349 357 1419 vel
380 1348 491 1441 partes
515 1348 622 1414 eidem
645 1352 766 1415 sensim
788 1349 973 1439 sensimqve
994 1366 1087 1414 aetate
1108 1351 1310 1440 provectiori
1333 1350 1459 1417 avulsas
1491 1351 1753 1448 decompositas-

303 1480 369 1547 qve
375 1480 386 1535 3
410 1477 486 1519 cum
498 1477 578 1519 vero
594 1453 679 1519 hanc
694 1453 854 1544 speciem,
877 1476 949 1544 qvae
966 1451 1101 1544 qvidem
1115 1454 1326 1518 subterranea
1341 1472 1406 1534 est,
1430 1479 1500 1521 non
1515 1457 1622 1526 solum
1636 1465 1672 1528 in
1693 1490 1752 1530 ra-

306 1560 379 1626 dice
401 1556 577 1636 adultiori,
608 1554 668 1621 scd
688 1558 785 1622 etiarn
807 1559 843 1622 in
861 1558 986 1642 juniori
1004 1558 1198 1647 provenire,
1230 1555 1431 1647 eandemqve
1456 1583 1585 1653 semper
1608 1564 1752 1636 formam

301 1663 441 1731 induere
456 1663 698 1741 observassem,
722 1660 974 1726 adsentantium
997 1660 1067 1726 Cel.
1089 1660 1287 1749 Agardltii,
1326 1654 1513 1729 distinctam
1535 1666 1620 1734 hanc
1645 1662 1752 1756 algam

303 1768 542 1862 proponentis,
563 1789 632 1831 non
647 1766 742 1855 potui
760 1788 829 1831 non
846 1764 1024 1847 accedere,
1046 1764 1214 1848 analogica
1229 1762 1374 1848 algarum
1390 1769 1677 1838 subterranearum
1691 1801 1751 1841 er-

304 1872 410 1965 cmpla
426 1872 562 1960 insuper
577 1868 728 1959 praebent
744 1866 1133 1958 Conservafodt'carum
1146 1869 1231 1958 Ag,
1256 1882 1457 1958 cryptarum
1471 1870 1607 1956 Dillw„
1632 1877 1751 1946 Oscil-

304 1978 427 2044 latoria
440 1976 604 2063 vaginam
622 1970 663 2040 V
658 1968 759 2041 aucit.
764 2022 776 2054 ,
801 1991 834 2041 et
845 1973 960 2042 ‘forsan
972 1970 1082 2064 plura.
1193 2016 1196 2020 -

435 2173 469 2208 **
516 2190 673 2233 ramosae.

569 2284 597 2362 ᾖ
642 2307 737 2373 aqvoe
750 2284 871 2351 dulcis.

241 2465 300 2546 29,
349 2452 386 2522 0.
404 2444 551 2543 pusilla
562 2462 576 2531 5
599 2440 668 2512 filis
688 2444 861 2532 ramosis,
885 2439 1153 2525 minutissimis,
1176 2434 1414 2531 fasciculatis3
1428 2445 1547 2513 'ramis
1569 2412 1744 2518 ramulis·
1768 2474 1860 2548 Tap,
1881 2485 1944 2563 51,-

167 2612 235 2683 qve
256 2576 423 2674 alternis,
456 2581 667 2674 attenuatis,
701 2575 862 2648 articulis
883 2575 1062 2646 diametro
1086 2570 1329 2668 longioribus3
1368 2574 1549 2671 ‘geniculis
1571 2579 1746 2677 obscuris,
1772 2667 1775 2673 ¹

167 2746 298 2816 parum
311 2720 515 2792 contractis.

303 2882 453 2955 Conferant
467 2881 576 2953 ptutlla
595 2878 680 2937 Roth.
700 2877 795 2934 Germ.
814 2889 840 2943 3,
861 2896 889 2950 p.
909 2872 985 2948 524?

369 3021 397 3036 -
469 2986 566 3038 lactea
585 2982 668 3039 Roth.
690 2983 751 3036 Cst.
771 2980 830 3035 bot.
849 3000 875 3053 5,
894 3000 924 3052 p.
943 2975 1017 3050 292?

165 3134 320 3206 Habitat
333 3133 372 3201 in
384 3128 499 3203 rivulo
516 3128 563 3196 ad
573 3124 708 3195 molam
720 3123 1032 3239 LindvedFioniae
1048 3118 1240 3194 Coniervae
1251 3119 1460 3216 glomerata
1472 3127 1662 3218 parasitice
1681 3133 1745 3220 in-,

111 3249 117 3259 ⁹
167 3270 305 3361 sitiens,
329 3262 533 3355 Hosmann
546 3261 671 3355 Bang.

212 3431 336 3498 DESC.
381 3425 569 3495 Fasciculus
582 3426 745 3496 minutus,
767 3427 831 3497 3-4
855 3420 958 3487 lineas
978 3417 1114 3506 longus,
1139 3422 1293 3502 virgatas.
1337 3421 1408 3487 Fila
1430 3427 1662 3511 minutissima,
1686 3444 1744 3497 ca-

298 3531 381 3619 pillo
398 3531 544 3599 humano
557 3528 724 3594 multoties
741 3528 908 3604 tenuiora,
933 3522 1089 3601 flaccida,
1111 3523 1350 3604 ramosissima3
1372 3530 1455 3589 rami
1477 3527 1616 3612 alterni,
1641 3556 1743 3623 supe-

299 3633 405 3695 riores
420 3628 649 3715 approximati,
667 3627 831 3706 attenuati,
847 3626 999 3707 stabulati,
1014 3625 1149 3716 aliisqve
1163 3626 1347 3692 minoribus
1357 3633 1471 3693 cadem
1483 3634 1613 3698 ratione
1624 3630 1743 3725 dispo-

301 3734 371 3800 sitis
392 3732 511 3795 iterum
535 3729 670 3796 obsessi.
716 3728 857 3795 Articuli
877 3754 963 3815 aegrc
984 3732 1172 3825 conspicui,
1196 3733 1232 3796 in
1256 3747 1341 3797 statu
1362 3730 1495 3800 filorum
1517 3735 1740 3807 subexsiccato

301 3834 546 3930 qvodammodo
571 3836 607 3899 in
632 3850 843 3923 conspectum
866 3839 1051 3917 venientes,
1076 3837 1118 3906 ad
1136 3837 1233 3902 basin
1254 3836 1414 3905 diametro
1440 3840 1598 3932 aquales,
1621 3843 1741 3911 deinde

296 3941 376 4035 2plo
390 3959 422 4009 et
438 3940 523 4007 ultra
538 3939 725 4026 longiores,
750 3938 894 4043 inspice
909 3942 953 4009 ob
970 3943 1160 4008 tenuitatem
1176 3961 1420 4024 evanescentes,
1440 3945 1600 4035 punctulo
1614 3949 1741 4015 viride-

293 4049 399 4115 scenti
412 4046 520 4116 medio
539 4047 645 4114 notati
660 4040 714 4112 vel
727 4041 864 4133 hyalini.
913 4045 1075 4113 Genicula
1092 4045 1248 4128 obseura,
1271 4044 1437 4113 interdum
1450 4050 1631 4129 annularis,
1656 4038 1751 4120 con-⁶

293 4170 406 4221 tracta
441 4151 543 4219 Color
559 4151 701 4242 cespitis
719 4147 793 4215 late
809 4148 938 4218 viridis.
971 4151 1159 4218 Substantia
1174 4154 1359 4218 tenerrima.
1395 4154 1576 4221 Autumno.
1610 4157 1742 4224 Chartae

291 4258 446 4329 adhaeret.

237 4466 295 4533 30.
337 4460 374 4528 C.
391 4479 520 4541 nana5
542 4455 612 4527 iilis
631 4455 805 4541 ramosis,
827 4455 1091 4544 minutissimis,
1114 4456 1327 4545 caespitosis,
1352 4420 1646 4546 rubescentibus3
1671 4482 1736 4528 ra·
1761 4477 1852 4549 Τὼ,
1872 4488 1932 4561 52,

159 4584 231 4654 inis
255 4581 418 4673 alternis,
442 4592 609 4681 remotis,
648 4585 809 4659 articulis
834 4586 1012 4659 diametro
1035 4586 1173 4679 2-3plo
1192 4585 1432 4681 longioribus,
1469 4587 1642 4681 geniculis
1665 4593 1736 4664 ob-

159 4718 286 4786 scuris.
850 4721 855 4729 ’

295 4855 447 4929 Conferva
466 4874 548 4909 nana
565 4859 655 4920 nilla.
674 4868 747 4924 Τὼ.
765 4878 810 4932 30.
832 4881 859 4921 et
877 4867 982 4922 Introd.
1001 4890 1029 4926 n.
1056 4870 1111 4925 116.
1131 4899 1159 4920 a
1175 4871 1259 4927 Web.
1283 4887 1310 4925 et
1328 4869 1414 4927 Molrr
1432 4873 1481 4929 Gr.
1498 4846 1579 4929 conf.
1601 4874 1671 4929 aab.
1691 4887 1735 4938 30.

160 5004 315 5076 Habitat
328 5004 368 5071 in
382 4999 468 5069 lacu
485 4998 673 5093 subalpina
687 5004 977 5085 Vandadaiavatn
992 5012 1088 5080 ‹Iicto
1102 5034 1217 5103 prope
1232 5008 1394 5101 Qvalbiie
1409 5015 1570 5086 Suderiie
1584 5015 1733 5104 Foeroae,

157 5135 341 5214 Fontinali
357 5134 606 5228 anupyrsttce
616 5139 671 5209 ad
681 5140 799 5230 ripam
815 5140 993 5217 habitanti
1014 5143 1074 5218 bic
1089 5144 1163 5216 illic
1188 5147 1331 5235 copiose
1344 5146 1483 5218 adnata.
