<?xml version="1.0" encoding="UTF-8"?>
<!DOCTYPE html PUBLIC "-//W3C//DTD XHTML 1.0 Transitional//EN"
    "http://www.w3.org/TR/xhtml1/DTD/xhtml1-transitional.dtd">
<html xmlns="http://www.w3.org/1999/xhtml" xml:lang="en" lang="en">
 <head>
  <title>
</title>
<meta http-equiv="Content-Type" content="text/html;charset=utf-8" />
  <meta name='ocr-system' content='tesseract 3.04.00' />
  <meta name='ocr-capabilities' content='ocr_page ocr_carea ocr_par ocr_line ocrx_word'/>
</head>
<body>
  <div class='ocr_page' id='page_1' title='image "./tentamenhydroph00lynggoog_0125.png"; bbox 0 0 4772 6106; ppageno 0'>
   <div class='ocr_carea' id='block_1_1' title="bbox 704 475 1780 569">
    <p class='ocr_par' dir='ltr' id='par_1_1' title="bbox 704 475 1780 569">
     <span class='ocr_line' id='line_1_1' title="bbox 704 475 1780 569; baseline 0 -13"><span class='ocrx_word' id='word_1_1' title='bbox 704 493 755 569; x_wconf 72' lang='grc'><strong>84</strong></span> <span class='ocrx_word' id='word_1_2' title='bbox 1094 479 1270 556; x_wconf 75' lang='lat' dir='ltr'><strong>sueno</strong></span> <span class='ocrx_word' id='word_1_3' title='bbox 1294 476 1535 555; x_wconf 67' lang='lat' dir='ltr'>SECUNDA:</span> <span class='ocrx_word' id='word_1_4' title='bbox 1587 475 1780 559; x_wconf 77' lang='lat' dir='ltr'><strong>BANGm.</strong></span> 
     </span>
    </p>
   </div>
   <div class='ocr_carea' id='block_1_2' title="bbox 695 685 2246 1304">
    <p class='ocr_par' dir='ltr' id='par_1_2' title="bbox 695 685 2246 1304">
     <span class='ocr_line' id='line_1_2' title="bbox 695 685 2223 794; baseline 0.008 -33"><span class='ocrx_word' id='word_1_5' title='bbox 695 691 787 762; x_wconf 80' lang='lat' dir='ltr'><strong>OBS.</strong></span> <span class='ocrx_word' id='word_1_6' title='bbox 826 688 945 771; x_wconf 88' lang='lat' dir='ltr'><strong>Color,</strong></span> <span class='ocrx_word' id='word_1_7' title='bbox 972 689 1007 754; x_wconf 89' lang='lat' dir='ltr'><strong>in</strong></span> <span class='ocrx_word' id='word_1_8' title='bbox 1024 685 1098 756; x_wconf 91' lang='lat' dir='ltr'><strong>loco</strong></span> <span class='ocrx_word' id='word_1_9' title='bbox 1116 688 1217 755; x_wconf 86' lang='lat' dir='ltr'><strong>natali</strong></span> <span class='ocrx_word' id='word_1_10' title='bbox 1232 688 1342 755; x_wconf 83' lang='lat' dir='ltr'><strong>fuscus</strong></span> <span class='ocrx_word' id='word_1_11' title='bbox 1356 685 1409 754; x_wconf 81' lang='lat' dir='ltr'><strong>vel</strong></span> <span class='ocrx_word' id='word_1_12' title='bbox 1423 688 1715 782; x_wconf 79' lang='lat' dir='ltr'><strong>fuscopurpureus‚</strong></span> <span class='ocrx_word' id='word_1_13' title='bbox 1738 694 1882 763; x_wconf 74' lang='lat' dir='ltr'><strong>siccitate</strong></span> <span class='ocrx_word' id='word_1_14' title='bbox 1900 699 1935 763; x_wconf 89' lang='lat' dir='ltr'><strong>in</strong></span> <span class='ocrx_word' id='word_1_15' title='bbox 1951 716 2223 794; x_wconf 85' lang='lat' dir='ltr'><strong>atropurpureum</strong></span> 
     </span>
     <span class='ocr_line' id='line_1_3' title="bbox 785 792 2224 894; baseline 0.01 -32"><span class='ocrx_word' id='word_1_16' title='bbox 785 797 875 881; x_wconf 82' lang='lat' dir='ltr'><strong>abit3</strong></span> <span class='ocrx_word' id='word_1_17' title='bbox 905 818 1005 887; x_wconf 87' lang='lat' dir='ltr'><strong>qvare</strong></span> <span class='ocrx_word' id='word_1_18' title='bbox 1025 792 1233 882; x_wconf 79' lang='lat' dir='ltr'><em>Conservam</em></span> <span class='ocrx_word' id='word_1_19' title='bbox 1255 805 1541 880; x_wconf 82' lang='lat' dir='ltr'><strong>atropurptsrecm</strong></span> <span class='ocrx_word' id='word_1_20' title='bbox 1571 797 1712 876; x_wconf 58' lang='lat' dir='ltr'><strong>vittas„</strong></span> <span class='ocrx_word' id='word_1_21' title='bbox 1737 816 1773 865; x_wconf 92' lang='lat' dir='ltr'><strong>ut</strong></span> <span class='ocrx_word' id='word_1_22' title='bbox 1792 803 2003 886; x_wconf 86' lang='lat' dir='ltr'><strong>varietatem,</strong></span> <span class='ocrx_word' id='word_1_23' title='bbox 2026 807 2091 873; x_wconf 91' lang='lat' dir='ltr'><strong>huc</strong></span> <span class='ocrx_word' id='word_1_24' title='bbox 2114 810 2224 894; x_wconf 73' lang='lat' dir='ltr'><strong>retuli,</strong></span> 
     </span>
     <span class='ocr_line' id='line_1_4' title="bbox 783 890 2225 1004; baseline 0.01 -37"><span class='ocrx_word' id='word_1_25' title='bbox 783 902 930 969; x_wconf 84' lang='lat' dir='ltr'><strong>radicem</strong></span> <span class='ocrx_word' id='word_1_26' title='bbox 945 918 1052 966; x_wconf 87' lang='lat' dir='ltr'><strong>tamen</strong></span> <span class='ocrx_word' id='word_1_27' title='bbox 1068 899 1241 980; x_wconf 87' lang='lat' dir='ltr'><strong>fibrosam,</strong></span> <span class='ocrx_word' id='word_1_28' title='bbox 1265 922 1363 989; x_wconf 82' lang='lat' dir='ltr'><strong>qvam</strong></span> <span class='ocrx_word' id='word_1_29' title='bbox 1376 923 1441 963; x_wconf 80' lang='lat' dir='ltr'><strong>suae</strong></span> <span class='ocrx_word' id='word_1_30' title='bbox 1458 898 1631 967; x_wconf 76' lang='lat' dir='ltr'><strong>Consertae</strong></span> <span class='ocrx_word' id='word_1_31' title='bbox 1645 903 1794 971; x_wconf 80' lang='lat' dir='ltr'>attribuit</span> <span class='ocrx_word' id='word_1_32' title='bbox 1807 906 2036 999; x_wconf 80' lang='lat' dir='ltr'><strong>Dillwynius,</strong></span> <span class='ocrx_word' id='word_1_33' title='bbox 2060 890 2225 1004; x_wconf 73' lang='lat' dir='ltr'><strong>nunquam</strong></span> 
     </span>
     <span class='ocr_line' id='line_1_5' title="bbox 785 1000 2226 1110; baseline 0.007 -36"><span class='ocrx_word' id='word_1_34' title='bbox 785 1008 960 1075; x_wconf 85' lang='lat' dir='ltr'><strong>observare</strong></span> <span class='ocrx_word' id='word_1_35' title='bbox 975 1005 1058 1071; x_wconf 91' lang='lat' dir='ltr'><strong>mihi</strong></span> <span class='ocrx_word' id='word_1_36' title='bbox 1071 1006 1235 1070; x_wconf 87' lang='lat' dir='ltr'><strong>successit.</strong></span> <span class='ocrx_word' id='word_1_37' title='bbox 1257 1037 1299 1051; x_wconf 93' lang='lat'>-</span> <span class='ocrx_word' id='word_1_38' title='bbox 1319 1000 1500 1088; x_wconf 71' lang='lat' dir='ltr'><strong>Singularis</strong></span> <span class='ocrx_word' id='word_1_39' title='bbox 1516 1021 1565 1069; x_wconf 87' lang='lat' dir='ltr'><strong>est</strong></span> <span class='ocrx_word' id='word_1_40' title='bbox 1578 1006 1627 1071; x_wconf 86' lang='lat' dir='ltr'><strong>vis</strong></span> <span class='ocrx_word' id='word_1_41' title='bbox 1642 1005 1716 1087; x_wconf 88' lang='lat' dir='ltr'><strong>illa,</strong></span> <span class='ocrx_word' id='word_1_42' title='bbox 1742 1032 1841 1100; x_wconf 86' lang='lat' dir='ltr'><strong>qvam</strong></span> <span class='ocrx_word' id='word_1_43' title='bbox 1862 1013 1939 1080; x_wconf 92' lang='lat' dir='ltr'><strong>huic</strong></span> <span class='ocrx_word' id='word_1_44' title='bbox 1955 1019 2075 1107; x_wconf 87' lang='lat' dir='ltr'><strong>speciei</strong></span> <span class='ocrx_word' id='word_1_45' title='bbox 2091 1042 2226 1110; x_wconf 85' lang='lat' dir='ltr'><strong>compe·</strong></span> 
     </span>
     <span class='ocr_line' id='line_1_6' title="bbox 783 1105 2246 1207; baseline 0.009 -30"><span class='ocrx_word' id='word_1_46' title='bbox 783 1114 839 1192; x_wconf 89' lang='lat' dir='ltr'><strong>tit,</strong></span> <span class='ocrx_word' id='word_1_47' title='bbox 862 1110 1010 1190; x_wconf 82' lang='lat' dir='ltr'><strong>clastica3</strong></span> <span class='ocrx_word' id='word_1_48' title='bbox 1035 1111 1063 1174; x_wconf 88' lang='lat' dir='ltr'><strong>si</strong></span> <span class='ocrx_word' id='word_1_49' title='bbox 1078 1109 1166 1173; x_wconf 89' lang='lat' dir='ltr'><strong>enim</strong></span> <span class='ocrx_word' id='word_1_50' title='bbox 1182 1106 1238 1174; x_wconf 79' lang='lat' dir='ltr'><strong>fila</strong></span> <span class='ocrx_word' id='word_1_51' title='bbox 1252 1110 1288 1173; x_wconf 91' lang='lat' dir='ltr'><strong>in</strong></span> <span class='ocrx_word' id='word_1_52' title='bbox 1304 1124 1390 1174; x_wconf 87' lang='lat' dir='ltr'><strong>statu</strong></span> <span class='ocrx_word' id='word_1_53' title='bbox 1401 1105 1535 1173; x_wconf 87' lang='lat' dir='ltr'><strong>madido</strong></span> <span class='ocrx_word' id='word_1_54' title='bbox 1553 1109 1639 1176; x_wconf 86' lang='lat' dir='ltr'><strong>inter</strong></span> <span class='ocrx_word' id='word_1_55' title='bbox 1654 1133 1768 1180; x_wconf 86' lang='lat' dir='ltr'><strong>manus</strong></span> <span class='ocrx_word' id='word_1_56' title='bbox 1783 1116 1859 1207; x_wconf 89' lang='lat' dir='ltr'><strong>plus</strong></span> <span class='ocrx_word' id='word_1_57' title='bbox 1881 1121 1968 1203; x_wconf 88' lang='lat' dir='ltr'><strong>justo</strong></span> <span class='ocrx_word' id='word_1_58' title='bbox 1994 1123 2225 1204; x_wconf 81' lang='lat' dir='ltr'><strong>extenduntur,</strong></span> <span class='ocrx_word' id='word_1_59' title='bbox 2242 1171 2246 1180; x_wconf 86' lang='lat'>·</span> 
     </span>
     <span class='ocr_line' id='line_1_7' title="bbox 783 1211 1919 1304; baseline 0.005 -21"><span class='ocrx_word' id='word_1_60' title='bbox 783 1218 816 1284; x_wconf 79' lang='lat' dir='ltr'><strong>vi</strong></span> <span class='ocrx_word' id='word_1_61' title='bbox 829 1214 902 1295; x_wconf 88' lang='lat' dir='ltr'><strong>illa,</strong></span> <span class='ocrx_word' id='word_1_62' title='bbox 928 1238 993 1304; x_wconf 87' lang='lat' dir='ltr'><strong>qva</strong></span> <span class='ocrx_word' id='word_1_63' title='bbox 1005 1211 1152 1304; x_wconf 85' lang='lat' dir='ltr'><strong>pollent,</strong></span> <span class='ocrx_word' id='word_1_64' title='bbox 1177 1214 1212 1277; x_wconf 91' lang='lat' dir='ltr'><strong>in</strong></span> <span class='ocrx_word' id='word_1_65' title='bbox 1225 1215 1349 1278; x_wconf 86' lang='lat' dir='ltr'><strong>statum</strong></span> <span class='ocrx_word' id='word_1_66' title='bbox 1365 1211 1544 1302; x_wconf 86' lang='lat' dir='ltr'><strong>pristinum</strong></span> <span class='ocrx_word' id='word_1_67' title='bbox 1557 1236 1657 1300; x_wconf 69' lang='lat' dir='ltr'><strong>ocyus</strong></span> <span class='ocrx_word' id='word_1_68' title='bbox 1670 1221 1919 1288; x_wconf 84' lang='lat' dir='ltr'><strong>contrahuntur.</strong></span> 
     </span>
    </p>
   </div>
   <div class='ocr_carea' id='block_1_3' title="bbox 451 1408 2219 1648">
    <p class='ocr_par' dir='ltr' id='par_1_3' title="bbox 451 1408 2219 1648">
     <span class='ocr_line' id='line_1_8' title="bbox 451 1408 2219 1519; baseline 0.004 -33"><span class='ocrx_word' id='word_1_69' title='bbox 451 1424 543 1511; x_wconf 56' lang='lat' dir='ltr'><strong>Tib,</strong></span> <span class='ocrx_word' id='word_1_70' title='bbox 560 1433 623 1513; x_wconf 57' lang='lat'><strong>24*</strong></span> <span class='ocrx_word' id='word_1_71' title='bbox 727 1425 761 1497; x_wconf 85' lang='lat'><strong>3.</strong></span> <span class='ocrx_word' id='word_1_72' title='bbox 812 1416 861 1485; x_wconf 91' lang='lat' dir='ltr'><strong>B.</strong></span> <span class='ocrx_word' id='word_1_73' title='bbox 885 1408 1141 1499; x_wconf 57' lang='lat' dir='ltr'><strong>Lamiacum,</strong></span> <span class='ocrx_word' id='word_1_74' title='bbox 1172 1410 1241 1481; x_wconf 90' lang='lat' dir='ltr'><strong>filis</strong></span> <span class='ocrx_word' id='word_1_75' title='bbox 1268 1410 1466 1497; x_wconf 87' lang='lat' dir='ltr'><strong>continuis,</strong></span> <span class='ocrx_word' id='word_1_76' title='bbox 1497 1410 1736 1506; x_wconf 80' lang='lat' dir='ltr'>simplicibus,</span> <span class='ocrx_word' id='word_1_77' title='bbox 1768 1424 1981 1514; x_wconf 86' lang='lat' dir='ltr'><strong>caespitosis,</strong></span> <span class='ocrx_word' id='word_1_78' title='bbox 2005 1422 2219 1519; x_wconf 82' lang='lat' dir='ltr'><strong>aeqvalibus3</strong></span> 
     </span>
     <span class='ocr_line' id='line_1_9' title="bbox 649 1543 1857 1648; baseline 0.002 -27"><span class='ocrx_word' id='word_1_79' title='bbox 649 1548 808 1648; x_wconf 81' lang='lat' dir='ltr'><strong>granulis</strong></span> <span class='ocrx_word' id='word_1_80' title='bbox 822 1551 1086 1639; x_wconf 80' lang='lat' dir='ltr'><strong>minutissimis,</strong></span> <span class='ocrx_word' id='word_1_81' title='bbox 1106 1552 1145 1618; x_wconf 90' lang='lat' dir='ltr'><strong>in</strong></span> <span class='ocrx_word' id='word_1_82' title='bbox 1165 1543 1301 1639; x_wconf 88' lang='lat' dir='ltr'><strong>duplici</strong></span> <span class='ocrx_word' id='word_1_83' title='bbox 1314 1546 1407 1614; x_wconf 85' lang='lat' dir='ltr'><strong>serie</strong></span> <span class='ocrx_word' id='word_1_84' title='bbox 1418 1545 1649 1616; x_wconf 80' lang='lat' dir='ltr'><strong>transversali</strong></span> <span class='ocrx_word' id='word_1_85' title='bbox 1666 1548 1857 1642; x_wconf 86' lang='lat' dir='ltr'><strong>dispositis.</strong></span> 
     </span>
    </p>
   </div>
   <div class='ocr_carea' id='block_1_4' title="bbox 648 1672 2218 1951">
    <p class='ocr_par' dir='ltr' id='par_1_4' title="bbox 648 1672 2218 1951">
     <span class='ocr_line' id='line_1_10' title="bbox 698 1672 2218 1818; baseline 0.005 -27"><span class='ocrx_word' id='word_1_86' title='bbox 698 1672 852 1793; x_wconf 82' lang='lat' dir='ltr'><strong>Habitat</strong></span> <span class='ocrx_word' id='word_1_87' title='bbox 862 1721 901 1794; x_wconf 89' lang='lat' dir='ltr'><strong>in</strong></span> <span class='ocrx_word' id='word_1_88' title='bbox 914 1728 1063 1814; x_wconf 76' lang='lat' dir='ltr'><strong>utraque</strong></span> <span class='ocrx_word' id='word_1_89' title='bbox 1079 1718 1211 1814; x_wconf 86' lang='lat' dir='ltr'><strong>pagina</strong></span> <span class='ocrx_word' id='word_1_90' title='bbox 1223 1713 1442 1788; x_wconf 84' lang='lat' dir='ltr'><strong>Laminarise</strong></span> <span class='ocrx_word' id='word_1_91' title='bbox 1461 1712 1656 1786; x_wconf 75' lang='lat' dir='ltr'><strong>escuentoe</strong></span> <span class='ocrx_word' id='word_1_92' title='bbox 1672 1719 1720 1789; x_wconf 88' lang='lat' dir='ltr'><strong>ad</strong></span> <span class='ocrx_word' id='word_1_93' title='bbox 1738 1718 1862 1795; x_wconf 82' lang='lat' dir='ltr'><strong>littora</strong></span> <span class='ocrx_word' id='word_1_94' title='bbox 1873 1722 2095 1818; x_wconf 84' lang='lat' dir='ltr'><strong>Faeroensia,</strong></span> <span class='ocrx_word' id='word_1_95' title='bbox 2119 1727 2218 1798; x_wconf 89' lang='lat' dir='ltr'><strong>haud</strong></span> 
     </span>
     <span class='ocr_line' id='line_1_11' title="bbox 648 1855 817 1951; baseline 0 -26"><span class='ocrx_word' id='word_1_96' title='bbox 648 1855 817 1951; x_wconf 62' lang='lat' dir='ltr'><strong>pulgaris.</strong></span> 
     </span>
    </p>
   </div>
   <div class='ocr_carea' id='block_1_5' title="bbox 693 2008 2230 2519">
    <p class='ocr_par' dir='ltr' id='par_1_5' title="bbox 693 2008 2230 2519">
     <span class='ocr_line' id='line_1_12' title="bbox 693 2008 2230 2105; baseline 0.007 -28"><span class='ocrx_word' id='word_1_97' title='bbox 693 2015 818 2081; x_wconf 88' lang='lat' dir='ltr'><strong>DESC.</strong></span> <span class='ocrx_word' id='word_1_98' title='bbox 867 2008 1035 2104; x_wconf 81' lang='lat' dir='ltr'><strong>Caespituli</strong></span> <span class='ocrx_word' id='word_1_99' title='bbox 1050 2016 1164 2092; x_wconf 83' lang='lat' dir='ltr'><strong>densi,</strong></span> <span class='ocrx_word' id='word_1_100' title='bbox 1189 2017 1309 2093; x_wconf 89' lang='lat' dir='ltr'><strong>crecti,</strong></span> <span class='ocrx_word' id='word_1_101' title='bbox 1334 2012 1534 2092; x_wconf 83' lang='lat' dir='ltr'><strong>abbreviati,</strong></span> <span class='ocrx_word' id='word_1_102' title='bbox 1556 2011 1681 2081; x_wconf 86' lang='lat' dir='ltr'><strong>lineam</strong></span> <span class='ocrx_word' id='word_1_103' title='bbox 1695 2036 1794 2080; x_wconf 85' lang='lat' dir='ltr'><strong>unam</strong></span> <span class='ocrx_word' id='word_1_104' title='bbox 1817 2011 1993 2083; x_wconf 81' lang='lat' dir='ltr'><strong>alteramve</strong></span> <span class='ocrx_word' id='word_1_105' title='bbox 2006 2018 2110 2105; x_wconf 80' lang='lat' dir='ltr'><strong>longi.</strong></span> <span class='ocrx_word' id='word_1_106' title='bbox 2158 2021 2230 2089; x_wconf 84' lang='lat' dir='ltr'><strong>Fila</strong></span> 
     </span>
     <span class='ocr_line' id='line_1_13' title="bbox 781 2113 2230 2210; baseline 0.008 -30"><span class='ocrx_word' id='word_1_107' title='bbox 781 2119 816 2180; x_wconf 93' lang='lat' dir='ltr'><strong>in</strong></span> <span class='ocrx_word' id='word_1_108' title='bbox 830 2118 941 2205; x_wconf 88' lang='lat' dir='ltr'><strong>parvis</strong></span> <span class='ocrx_word' id='word_1_109' title='bbox 957 2115 1022 2177; x_wconf 91' lang='lat' dir='ltr'><strong>illis</strong></span> <span class='ocrx_word' id='word_1_110' title='bbox 1041 2113 1216 2201; x_wconf 81' lang='lat' dir='ltr'><strong>coespitulis</strong></span> <span class='ocrx_word' id='word_1_111' title='bbox 1231 2113 1331 2177; x_wconf 91' lang='lat' dir='ltr'><strong>dense</strong></span> <span class='ocrx_word' id='word_1_112' title='bbox 1346 2130 1534 2194; x_wconf 78' lang='lat' dir='ltr'><strong>aggregata,</strong></span> <span class='ocrx_word' id='word_1_113' title='bbox 1559 2140 1599 2180; x_wconf 81' lang='lat' dir='ltr'><strong>cx</strong></span> <span class='ocrx_word' id='word_1_114' title='bbox 1612 2141 1677 2180; x_wconf 89' lang='lat' dir='ltr'><strong>una</strong></span> <span class='ocrx_word' id='word_1_115' title='bbox 1692 2118 1763 2182; x_wconf 88' lang='lat' dir='ltr'><strong>basi</strong></span> <span class='ocrx_word' id='word_1_116' title='bbox 1780 2115 1941 2207; x_wconf 84' lang='lat' dir='ltr'><strong>plurima,</strong></span> <span class='ocrx_word' id='word_1_117' title='bbox 1965 2120 2144 2210; x_wconf 88' lang='lat' dir='ltr'><strong>simplicia,</strong></span> <span class='ocrx_word' id='word_1_118' title='bbox 2171 2150 2230 2190; x_wconf 90' lang='lat' dir='ltr'><strong>ca-</strong></span> 
     </span>
     <span class='ocr_line' id='line_1_14' title="bbox 779 2214 2230 2314; baseline 0.006 -29"><span class='ocrx_word' id='word_1_119' title='bbox 779 2218 863 2314; x_wconf 87' lang='lat' dir='ltr'><strong>pillo</strong></span> <span class='ocrx_word' id='word_1_120' title='bbox 877 2218 1020 2283; x_wconf 83' lang='lat' dir='ltr'><strong>humano</strong></span> <span class='ocrx_word' id='word_1_121' title='bbox 1037 2217 1204 2295; x_wconf 89' lang='lat' dir='ltr'><strong>tenuiora,</strong></span> <span class='ocrx_word' id='word_1_122' title='bbox 1229 2214 1382 2307; x_wconf 81' lang='lat' dir='ltr'><strong>aeqvalia,</strong></span> <span class='ocrx_word' id='word_1_123' title='bbox 1412 2215 1581 2282; x_wconf 87' lang='lat' dir='ltr'><strong>interdum</strong></span> <span class='ocrx_word' id='word_1_124' title='bbox 1594 2221 1686 2309; x_wconf 88' lang='lat' dir='ltr'><strong>apice</strong></span> <span class='ocrx_word' id='word_1_125' title='bbox 1701 2220 1878 2285; x_wconf 83' lang='lat' dir='ltr'><strong>incrassata</strong></span> <span class='ocrx_word' id='word_1_126' title='bbox 1895 2240 1927 2288; x_wconf 92' lang='lat' dir='ltr'><strong>et</strong></span> <span class='ocrx_word' id='word_1_127' title='bbox 1948 2221 2124 2307; x_wconf 78' lang='lat' dir='ltr'><strong>fibrillosa3</strong></span> <span class='ocrx_word' id='word_1_128' title='bbox 2149 2250 2230 2311; x_wconf 81' lang='lat' dir='ltr'><strong>gra-</strong></span> 
     </span>
     <span class='ocr_line' id='line_1_15' title="bbox 780 2318 2229 2411; baseline 0.006 -19"><span class='ocrx_word' id='word_1_129' title='bbox 780 2324 859 2392; x_wconf 88' lang='lat' dir='ltr'><strong>nula</strong></span> <span class='ocrx_word' id='word_1_130' title='bbox 874 2321 1109 2401; x_wconf 87' lang='lat' dir='ltr'><strong>minutissima,</strong></span> <span class='ocrx_word' id='word_1_131' title='bbox 1126 2320 1279 2404; x_wconf 84' lang='lat' dir='ltr'><strong>globosa,</strong></span> <span class='ocrx_word' id='word_1_132' title='bbox 1303 2322 1339 2385; x_wconf 89' lang='lat' dir='ltr'><strong>in</strong></span> <span class='ocrx_word' id='word_1_133' title='bbox 1354 2318 1480 2411; x_wconf 90' lang='lat' dir='ltr'><strong>duplici</strong></span> <span class='ocrx_word' id='word_1_134' title='bbox 1494 2324 1595 2404; x_wconf 89' lang='lat' dir='ltr'><strong>serie,</strong></span> <span class='ocrx_word' id='word_1_135' title='bbox 1615 2320 1803 2408; x_wconf 84' lang='lat' dir='ltr'><strong>geniculum</strong></span> <span class='ocrx_word' id='word_1_136' title='bbox 1818 2326 2013 2408; x_wconf 81' lang='lat' dir='ltr'><strong>mentiente,</strong></span> <span class='ocrx_word' id='word_1_137' title='bbox 2038 2329 2126 2396; x_wconf 88' lang='lat' dir='ltr'><strong>intus</strong></span> <span class='ocrx_word' id='word_1_138' title='bbox 2142 2355 2229 2400; x_wconf 89' lang='lat' dir='ltr'><strong>cou-</strong></span> 
     </span>
     <span class='ocr_line' id='line_1_16' title="bbox 781 2427 2123 2519; baseline 0.001 -21"><span class='ocrx_word' id='word_1_139' title='bbox 781 2447 885 2517; x_wconf 79' lang='lat' dir='ltr'><strong>gesta,</strong></span> <span class='ocrx_word' id='word_1_140' title='bbox 906 2429 989 2495; x_wconf 89' lang='lat' dir='ltr'><strong>etin</strong></span> <span class='ocrx_word' id='word_1_141' title='bbox 1004 2428 1116 2519; x_wconf 84' lang='lat' dir='ltr'><strong>qvavis</strong></span> <span class='ocrx_word' id='word_1_142' title='bbox 1132 2427 1216 2492; x_wconf 88' lang='lat' dir='ltr'><strong>serie</strong></span> <span class='ocrx_word' id='word_1_143' title='bbox 1231 2427 1462 2518; x_wconf 81' lang='lat' dir='ltr'><strong>subqvaterna.</strong></span> <span class='ocrx_word' id='word_1_144' title='bbox 1509 2428 1613 2497; x_wconf 88' lang='lat' dir='ltr'><strong>Color</strong></span> <span class='ocrx_word' id='word_1_145' title='bbox 1626 2427 1753 2497; x_wconf 86' lang='lat' dir='ltr'><strong>viridis.</strong></span> <span class='ocrx_word' id='word_1_146' title='bbox 1797 2430 1984 2497; x_wconf 81' lang='lat' dir='ltr'><strong>Substantia</strong></span> <span class='ocrx_word' id='word_1_147' title='bbox 2003 2449 2123 2499; x_wconf 84' lang='lat' dir='ltr'><strong>tenera.</strong></span> 
     </span>
    </p>
   </div>
   <div class='ocr_carea' id='block_1_6' title="bbox 448 2627 2225 2966">
    <p class='ocr_par' dir='ltr' id='par_1_6' title="bbox 448 2627 2225 2966">
     <span class='ocr_line' id='line_1_17' title="bbox 448 2627 2225 2736; baseline -0.007 -24"><span class='ocrx_word' id='word_1_148' title='bbox 448 2642 542 2736; x_wconf 63' lang='grc' dir='ltr'><strong>Τὼ·</strong></span> <span class='ocrx_word' id='word_1_149' title='bbox 564 2646 626 2721; x_wconf 72' lang='lat'><strong>24:</strong></span> <span class='ocrx_word' id='word_1_150' title='bbox 721 2644 756 2715; x_wconf 81' lang='lat'><strong>4.</strong></span> <span class='ocrx_word' id='word_1_151' title='bbox 808 2633 855 2705; x_wconf 91' lang='lat' dir='ltr'><strong>B.</strong></span> <span class='ocrx_word' id='word_1_152' title='bbox 870 2631 1048 2719; x_wconf 72' lang='lat' dir='ltr'><strong>rutilans,</strong></span> <span class='ocrx_word' id='word_1_153' title='bbox 1073 2627 1141 2699; x_wconf 88' lang='lat' dir='ltr'><strong>lilis</strong></span> <span class='ocrx_word' id='word_1_154' title='bbox 1163 2630 1364 2719; x_wconf 86' lang='lat' dir='ltr'><strong>continuis,</strong></span> <span class='ocrx_word' id='word_1_155' title='bbox 1387 2627 1628 2720; x_wconf 82' lang='lat' dir='ltr'><strong>simplicibus,</strong></span> <span class='ocrx_word' id='word_1_156' title='bbox 1654 2629 1904 2722; x_wconf 84' lang='lat' dir='ltr'><strong>capillaribus,</strong></span> <span class='ocrx_word' id='word_1_157' title='bbox 1925 2635 2053 2725; x_wconf 90' lang='lat' dir='ltr'><strong>rectis,</strong></span> <span class='ocrx_word' id='word_1_158' title='bbox 2081 2651 2225 2734; x_wconf 43' lang='lat' dir='ltr'><strong>granni</strong></span> 
     </span>
     <span class='ocr_line' id='line_1_18' title="bbox 644 2762 1843 2861; baseline -0.007 -20"><span class='ocrx_word' id='word_1_159' title='bbox 644 2766 778 2861; x_wconf 71' lang='lat' dir='ltr'><strong>literis,</strong></span> <span class='ocrx_word' id='word_1_160' title='bbox 803 2767 963 2857; x_wconf 85' lang='lat' dir='ltr'><strong>granulis</strong></span> <span class='ocrx_word' id='word_1_161' title='bbox 979 2763 1412 2858; x_wconf 87' lang='lat' dir='ltr'><strong>cylindraceo-oblongis,</strong></span> <span class='ocrx_word' id='word_1_162' title='bbox 1430 2763 1632 2854; x_wconf 73' lang='lat' dir='ltr'><strong>parallelis,</strong></span> <span class='ocrx_word' id='word_1_163' title='bbox 1657 2762 1843 2835; x_wconf 88' lang='lat' dir='ltr'><strong>confertis.</strong></span> 
     </span>
     <span class='ocr_line' id='line_1_19' title="bbox 780 2893 1964 2966; baseline 0 -16"><span class='ocrx_word' id='word_1_164' title='bbox 780 2894 930 2964; x_wconf 70' lang='lat' dir='ltr'><strong>Causam</strong></span> <span class='ocrx_word' id='word_1_165' title='bbox 949 2898 1074 2950; x_wconf 74' lang='lat' dir='ltr'><strong>rutilans</strong></span> <span class='ocrx_word' id='word_1_166' title='bbox 1091 2894 1176 2949; x_wconf 81' lang='lat' dir='ltr'><strong>Roth.</strong></span> <span class='ocrx_word' id='word_1_167' title='bbox 1199 2894 1259 2950; x_wconf 82' lang='lat' dir='ltr'><strong>Cat.</strong></span> <span class='ocrx_word' id='word_1_168' title='bbox 1280 2893 1337 2949; x_wconf 88' lang='lat' dir='ltr'><strong>bot.</strong></span> <span class='ocrx_word' id='word_1_169' title='bbox 1358 2906 1384 2959; x_wconf 77' lang='lat'><strong>3,</strong></span> <span class='ocrx_word' id='word_1_170' title='bbox 1404 2913 1430 2964; x_wconf 88' lang='lat' dir='ltr'><strong>p.</strong></span> <span class='ocrx_word' id='word_1_171' title='bbox 1455 2911 1511 2964; x_wconf 86' lang='lat'>¹79·</span> <span class='ocrx_word' id='word_1_172' title='bbox 1533 2922 1567 2936; x_wconf 91' lang='lat'>-</span> <span class='ocrx_word' id='word_1_173' title='bbox 1583 2896 1658 2964; x_wconf 71' lang='lat' dir='ltr'><strong>stig.</strong></span> <span class='ocrx_word' id='word_1_174' title='bbox 1676 2895 1734 2966; x_wconf 76' lang='lat' dir='ltr'><strong>Alg.</strong></span> <span class='ocrx_word' id='word_1_175' title='bbox 1754 2895 1824 2951; x_wconf 84' lang='lat' dir='ltr'><strong>Dec.</strong></span> <span class='ocrx_word' id='word_1_176' title='bbox 1847 2912 1872 2948; x_wconf 80' lang='lat' dir='ltr'><strong>s.</strong></span> <span class='ocrx_word' id='word_1_177' title='bbox 1890 2915 1919 2949; x_wconf 84' lang='lat' dir='ltr'><strong>n.</strong></span> <span class='ocrx_word' id='word_1_178' title='bbox 1939 2908 1964 2961; x_wconf 80' lang='lat'><strong>3.</strong></span> 
     </span>
    </p>
   </div>
   <div class='ocr_carea' id='block_1_7' title="bbox 643 3035 2334 3530">
    <p class='ocr_par' dir='ltr' id='par_1_7' title="bbox 643 3035 2334 3530">
     <span class='ocr_line' id='line_1_20' title="bbox 645 3035 2233 3135; baseline -0.004 -23"><span class='ocrx_word' id='word_1_179' title='bbox 645 3041 799 3113; x_wconf 88' lang='lat' dir='ltr'><strong>Habitat</strong></span> <span class='ocrx_word' id='word_1_180' title='bbox 811 3041 850 3109; x_wconf 88' lang='lat' dir='ltr'><strong>in</strong></span> <span class='ocrx_word' id='word_1_181' title='bbox 864 3042 946 3110; x_wconf 90' lang='lat' dir='ltr'><strong>sinu</strong></span> <span class='ocrx_word' id='word_1_182' title='bbox 962 3038 1179 3127; x_wconf 85' lang='lat' dir='ltr'><strong>Othiniensi,</strong></span> <span class='ocrx_word' id='word_1_183' title='bbox 1192 3039 1288 3106; x_wconf 79' lang='lat' dir='ltr'><strong>saxis</strong></span> <span class='ocrx_word' id='word_1_184' title='bbox 1301 3035 1358 3108; x_wconf 83' lang='lat' dir='ltr'><strong>vel</strong></span> <span class='ocrx_word' id='word_1_185' title='bbox 1372 3037 1531 3105; x_wconf 70' lang='lat' dir='ltr'><strong>Zostera</strong></span> <span class='ocrx_word' id='word_1_186' title='bbox 1544 3038 1694 3106; x_wconf 77' lang='lat' dir='ltr'><strong>marinae</strong></span> <span class='ocrx_word' id='word_1_187' title='bbox 1712 3035 1864 3127; x_wconf 70' lang='lat' dir='ltr'><strong>adnata,</strong></span> <span class='ocrx_word' id='word_1_188' title='bbox 1884 3036 2088 3125; x_wconf 83' lang='lat' dir='ltr'><strong>Hcfmcnn</strong></span> <span class='ocrx_word' id='word_1_189' title='bbox 2094 3041 2233 3135; x_wconf 70' lang='lat' dir='ltr'><strong>Euerg:</strong></span> 
     </span>
     <span class='ocr_line' id='line_1_21' title="bbox 645 3167 2234 3270; baseline -0.003 -23"><span class='ocrx_word' id='word_1_190' title='bbox 645 3176 860 3270; x_wconf 79' lang='lat' dir='ltr'><strong>caespitibus</strong></span> <span class='ocrx_word' id='word_1_191' title='bbox 881 3173 1090 3266; x_wconf 80' lang='lat' dir='ltr'><strong>Fragilariae</strong></span> <span class='ocrx_word' id='word_1_192' title='bbox 1114 3168 1374 3243; x_wconf 88' lang='lat' dir='ltr'><strong>nummuloidis</strong></span> <span class='ocrx_word' id='word_1_193' title='bbox 1397 3172 1647 3261; x_wconf 72' lang='lat' dir='ltr'><strong>variarumque</strong></span> <span class='ocrx_word' id='word_1_194' title='bbox 1671 3167 1933 3242; x_wconf 75' lang='lat' dir='ltr'><strong>Conseruarum</strong></span> <span class='ocrx_word' id='word_1_195' title='bbox 1954 3174 1993 3239; x_wconf 91' lang='lat' dir='ltr'><strong>in</strong></span> <span class='ocrx_word' id='word_1_196' title='bbox 2019 3195 2109 3264; x_wconf 86' lang='lat' dir='ltr'><strong>aqva</strong></span> <span class='ocrx_word' id='word_1_197' title='bbox 2132 3175 2234 3243; x_wconf 90' lang='lat' dir='ltr'><strong>sub-</strong></span> 
     </span>
     <span class='ocr_line' id='line_1_22' title="bbox 643 3301 2334 3398; baseline -0.005 -16"><span class='ocrx_word' id='word_1_198' title='bbox 643 3314 785 3382; x_wconf 86' lang='lat' dir='ltr'><strong>mariua</strong></span> <span class='ocrx_word' id='word_1_199' title='bbox 800 3314 1003 3382; x_wconf 84' lang='lat' dir='ltr'><strong>immixtam</strong></span> <span class='ocrx_word' id='word_1_200' title='bbox 1015 3308 1151 3381; x_wconf 86' lang='lat' dir='ltr'><strong>ibidem</strong></span> <span class='ocrx_word' id='word_1_201' title='bbox 1163 3309 1249 3381; x_wconf 82' lang='lat' dir='ltr'><strong>ridi.</strong></span> <span class='ocrx_word' id='word_1_202' title='bbox 1262 3346 1314 3360; x_wconf 95' lang='lat'><em>-</em></span> <span class='ocrx_word' id='word_1_203' title='bbox 1337 3307 1459 3376; x_wconf 88' lang='lat' dir='ltr'><strong>Etiam</strong></span> <span class='ocrx_word' id='word_1_204' title='bbox 1475 3308 1515 3375; x_wconf 90' lang='lat' dir='ltr'><strong>in</strong></span> <span class='ocrx_word' id='word_1_205' title='bbox 1530 3302 1668 3391; x_wconf 80' lang='lat' dir='ltr'><strong>ritulo,</strong></span> <span class='ocrx_word' id='word_1_206' title='bbox 1691 3301 1790 3373; x_wconf 90' lang='lat' dir='ltr'><strong>haud</strong></span> <span class='ocrx_word' id='word_1_207' title='bbox 1804 3301 1931 3394; x_wconf 86' lang='lat' dir='ltr'><strong>procul</strong></span> <span class='ocrx_word' id='word_1_208' title='bbox 1958 3327 1980 3370; x_wconf 87' lang='lat' dir='ltr'><strong>a</strong></span> <span class='ocrx_word' id='word_1_209' title='bbox 2000 3306 2091 3374; x_wconf 84' lang='lat' dir='ltr'><strong>mari</strong></span> <span class='ocrx_word' id='word_1_210' title='bbox 2109 3326 2242 3398; x_wconf 73' lang='lat' dir='ltr'><strong>prope</strong></span> <span class='ocrx_word' id='word_1_211' title='bbox 2332 3306 2334 3311; x_wconf 58' lang='lat'>‘</span> 
     </span>
     <span class='ocr_line' id='line_1_23' title="bbox 645 3440 1480 3530; baseline -0.006 -17"><span class='ocrx_word' id='word_1_212' title='bbox 645 3443 860 3517; x_wconf 81' lang='lat' dir='ltr'><strong>Thorsharn</strong></span> <span class='ocrx_word' id='word_1_213' title='bbox 875 3446 1032 3530; x_wconf 86' lang='lat' dir='ltr'><strong>Fscroac,</strong></span> <span class='ocrx_word' id='word_1_214' title='bbox 1056 3445 1153 3512; x_wconf 86' lang='lat' dir='ltr'><strong>inter</strong></span> <span class='ocrx_word' id='word_1_215' title='bbox 1166 3441 1254 3511; x_wconf 85' lang='lat' dir='ltr'><strong>alias</strong></span> <span class='ocrx_word' id='word_1_216' title='bbox 1271 3440 1480 3515; x_wconf 77' lang='lat' dir='ltr'><strong>confertas.</strong></span> 
     </span>
    </p>
   </div>
   <div class='ocr_carea' id='block_1_8' title="bbox 694 3562 2248 4263">
    <p class='ocr_par' dir='ltr' id='par_1_8' title="bbox 694 3562 2248 4263">
     <span class='ocr_line' id='line_1_24' title="bbox 694 3562 2244 3655; baseline -0.001 -24"><span class='ocrx_word' id='word_1_217' title='bbox 694 3570 819 3637; x_wconf 88' lang='lat' dir='ltr'><strong>DESC.</strong></span> <span class='ocrx_word' id='word_1_218' title='bbox 875 3568 1006 3655; x_wconf 82' lang='lat' dir='ltr'><strong>Caespes</strong></span> <span class='ocrx_word' id='word_1_219' title='bbox 1027 3562 1210 3643; x_wconf 81' lang='lat' dir='ltr'><strong>oblongus,</strong></span> <span class='ocrx_word' id='word_1_220' title='bbox 1236 3563 1525 3650; x_wconf 84' lang='lat' dir='ltr'><strong>bi-tripollicaris,</strong></span> <span class='ocrx_word' id='word_1_221' title='bbox 1552 3566 1724 3629; x_wconf 81' lang='lat' dir='ltr'><strong>fluctuans.</strong></span> <span class='ocrx_word' id='word_1_222' title='bbox 1773 3563 1846 3630; x_wconf 85' lang='lat' dir='ltr'><strong>Fila</strong></span> <span class='ocrx_word' id='word_1_223' title='bbox 1867 3564 1987 3653; x_wconf 84' lang='lat' dir='ltr'><strong>capillo</strong></span> <span class='ocrx_word' id='word_1_224' title='bbox 2009 3568 2158 3630; x_wconf 84' lang='lat' dir='ltr'><strong>humano</strong></span> <span class='ocrx_word' id='word_1_225' title='bbox 2183 3583 2244 3629; x_wconf 88' lang='lat' dir='ltr'><strong>te·</strong></span> 
     </span>
     <span class='ocr_line' id='line_1_25' title="bbox 779 3650 2246 3758; baseline -0.003 -21"><span class='ocrx_word' id='word_1_226' title='bbox 779 3671 917 3750; x_wconf 78' lang='lat' dir='ltr'><strong>nstiora,</strong></span> <span class='ocrx_word' id='word_1_227' title='bbox 941 3686 1049 3748; x_wconf 89' lang='lat' dir='ltr'><strong>recta,</strong></span> <span class='ocrx_word' id='word_1_228' title='bbox 1074 3669 1202 3758; x_wconf 87' lang='lat' dir='ltr'><strong>apicem</strong></span> <span class='ocrx_word' id='word_1_229' title='bbox 1221 3689 1336 3731; x_wconf 86' lang='lat' dir='ltr'><strong>versus</strong></span> <span class='ocrx_word' id='word_1_230' title='bbox 1360 3680 1543 3732; x_wconf 82' lang='lat' dir='ltr'><strong>attenuata.</strong></span> <span class='ocrx_word' id='word_1_231' title='bbox 1568 3662 1737 3727; x_wconf 87' lang='lat' dir='ltr'><strong>interdum</strong></span> <span class='ocrx_word' id='word_1_232' title='bbox 1756 3663 1895 3728; x_wconf 85' lang='lat' dir='ltr'><strong>bifurca.</strong></span> <span class='ocrx_word' id='word_1_233' title='bbox 1945 3650 2094 3730; x_wconf 79' lang='lat' dir='ltr'><strong>Granula</strong></span> <span class='ocrx_word' id='word_1_234' title='bbox 2119 3666 2246 3758; x_wconf 73' lang='lat' dir='ltr'><strong>cylin-</strong></span> 
     </span>
     <span class='ocr_line' id='line_1_26' title="bbox 779 3764 2247 3860; baseline -0.012 -18"><span class='ocrx_word' id='word_1_235' title='bbox 779 3776 914 3854; x_wconf 79' lang='lat' dir='ltr'><strong>dsacea,</strong></span> <span class='ocrx_word' id='word_1_236' title='bbox 940 3772 1221 3856; x_wconf 83' lang='lat' dir='ltr'><strong>oblongo-ovata,</strong></span> <span class='ocrx_word' id='word_1_237' title='bbox 1247 3769 1411 3835; x_wconf 89' lang='lat' dir='ltr'><strong>diametro</strong></span> <span class='ocrx_word' id='word_1_238' title='bbox 1427 3793 1484 3834; x_wconf 87' lang='lat' dir='ltr'><strong>sua</strong></span> <span class='ocrx_word' id='word_1_239' title='bbox 1497 3766 1578 3857; x_wconf 69' lang='lat' dir='ltr'><strong>ciple</strong></span> <span class='ocrx_word' id='word_1_240' title='bbox 1594 3764 1763 3851; x_wconf 80' lang='lat' dir='ltr'><strong>longiora,</strong></span> <span class='ocrx_word' id='word_1_241' title='bbox 1788 3769 1942 3857; x_wconf 78' lang='lat' dir='ltr'><strong>utrinque</strong></span> <span class='ocrx_word' id='word_1_242' title='bbox 1957 3771 2093 3849; x_wconf 88' lang='lat' dir='ltr'><strong>obtusa,</strong></span> <span class='ocrx_word' id='word_1_243' title='bbox 2116 3773 2247 3860; x_wconf 71' lang='lat' dir='ltr'><strong>paral.</strong></span> 
     </span>
     <span class='ocr_line' id='line_1_27' title="bbox 776 3872 2248 3962; baseline 0.001 -18"><span class='ocrx_word' id='word_1_244' title='bbox 776 3878 840 3945; x_wconf 92' lang='lat' dir='ltr'><strong>lele</strong></span> <span class='ocrx_word' id='word_1_245' title='bbox 856 3895 889 3943; x_wconf 87' lang='lat' dir='ltr'><strong>et</strong></span> <span class='ocrx_word' id='word_1_246' title='bbox 901 3875 1184 3959; x_wconf 80' lang='lat' dir='ltr'><strong>longitudinaliter</strong></span> <span class='ocrx_word' id='word_1_247' title='bbox 1196 3878 1233 3939; x_wconf 90' lang='lat' dir='ltr'><strong>in</strong></span> <span class='ocrx_word' id='word_1_248' title='bbox 1248 3873 1295 3939; x_wconf 87' lang='lat' dir='ltr'><strong>fili</strong></span> <span class='ocrx_word' id='word_1_249' title='bbox 1312 3872 1429 3939; x_wconf 91' lang='lat' dir='ltr'><strong>tubulo</strong></span> <span class='ocrx_word' id='word_1_250' title='bbox 1445 3872 1622 3960; x_wconf 89' lang='lat' dir='ltr'><strong>disposita,</strong></span> <span class='ocrx_word' id='word_1_251' title='bbox 1647 3895 1735 3936; x_wconf 88' lang='lat' dir='ltr'><strong>nunc</strong></span> <span class='ocrx_word' id='word_1_252' title='bbox 1751 3874 1988 3962; x_wconf 75' lang='lat' dir='ltr'><strong>approximate,</strong></span> <span class='ocrx_word' id='word_1_253' title='bbox 2013 3897 2101 3938; x_wconf 91' lang='lat' dir='ltr'><strong>nunc</strong></span> <span class='ocrx_word' id='word_1_254' title='bbox 2115 3899 2248 3945; x_wconf 88' lang='lat' dir='ltr'><strong>remo-</strong></span> 
     </span>
     <span class='ocr_line' id='line_1_28' title="bbox 777 3971 2246 4065; baseline 0.002 -18"><span class='ocrx_word' id='word_1_255' title='bbox 777 3984 881 4060; x_wconf 87' lang='lat' dir='ltr'><strong>tiora,</strong></span> <span class='ocrx_word' id='word_1_256' title='bbox 903 3995 936 4042; x_wconf 89' lang='lat' dir='ltr'><strong>et</strong></span> <span class='ocrx_word' id='word_1_257' title='bbox 951 3976 1120 4043; x_wconf 88' lang='lat' dir='ltr'><strong>nonnullis</strong></span> <span class='ocrx_word' id='word_1_258' title='bbox 1136 3977 1255 4065; x_wconf 86' lang='lat' dir='ltr'><strong>elapsis</strong></span> <span class='ocrx_word' id='word_1_259' title='bbox 1270 3978 1463 4040; x_wconf 85' lang='lat' dir='ltr'><strong>membrana</strong></span> <span class='ocrx_word' id='word_1_260' title='bbox 1480 3972 1528 4035; x_wconf 90' lang='lat' dir='ltr'><strong>fili</strong></span> <span class='ocrx_word' id='word_1_261' title='bbox 1549 3971 1681 4058; x_wconf 82' lang='lat' dir='ltr'><strong>hyalina</strong></span> <span class='ocrx_word' id='word_1_262' title='bbox 1704 3993 1853 4061; x_wconf 86' lang='lat' dir='ltr'><strong>apparet.</strong></span> <span class='ocrx_word' id='word_1_263' title='bbox 1903 3975 2007 4040; x_wconf 87' lang='lat' dir='ltr'><strong>Color</strong></span> <span class='ocrx_word' id='word_1_264' title='bbox 2029 3978 2246 4050; x_wconf 85' lang='lat' dir='ltr'><strong>viridescens</strong></span> 
     </span>
     <span class='ocr_line' id='line_1_29' title="bbox 779 4071 2244 4175; baseline 0.001 -29"><span class='ocrx_word' id='word_1_265' title='bbox 779 4083 832 4149; x_wconf 83' lang='lat' dir='ltr'><strong>vel</strong></span> <span class='ocrx_word' id='word_1_266' title='bbox 856 4079 958 4146; x_wconf 91' lang='lat' dir='ltr'><strong>dilute</strong></span> <span class='ocrx_word' id='word_1_267' title='bbox 981 4078 1109 4160; x_wconf 84' lang='lat' dir='ltr'><strong>fuscus,</strong></span> <span class='ocrx_word' id='word_1_268' title='bbox 1142 4079 1308 4175; x_wconf 70' lang='lat' dir='ltr'><strong>exsiccata</strong></span> <span class='ocrx_word' id='word_1_269' title='bbox 1332 4078 1514 4152; x_wconf 89' lang='lat' dir='ltr'><strong>lutesccns,</strong></span> <span class='ocrx_word' id='word_1_270' title='bbox 1543 4071 1699 4155; x_wconf 88' lang='lat' dir='ltr'><strong>rutilans,</strong></span> <span class='ocrx_word' id='word_1_271' title='bbox 1730 4093 1763 4140; x_wconf 88' lang='lat' dir='ltr'><strong>et</strong></span> <span class='ocrx_word' id='word_1_272' title='bbox 1785 4077 1878 4167; x_wconf 71' lang='lat' dir='ltr'><strong>quasi</strong></span> <span class='ocrx_word' id='word_1_273' title='bbox 1897 4081 2029 4144; x_wconf 73' lang='lat' dir='ltr'><strong>vei-nice</strong></span> <span class='ocrx_word' id='word_1_274' title='bbox 2051 4079 2244 4168; x_wconf 86' lang='lat' dir='ltr'><strong>obductus,</strong></span> 
     </span>
     <span class='ocr_line' id='line_1_30' title="bbox 778 4181 2247 4263; baseline 0 -12"><span class='ocrx_word' id='word_1_275' title='bbox 778 4185 868 4251; x_wconf 87' lang='lat' dir='ltr'><strong>unde</strong></span> <span class='ocrx_word' id='word_1_276' title='bbox 887 4208 1020 4252; x_wconf 90' lang='lat' dir='ltr'><strong>nomen.</strong></span> <span class='ocrx_word' id='word_1_277' title='bbox 1075 4184 1261 4252; x_wconf 77' lang='lat' dir='ltr'><strong>Substantia</strong></span> <span class='ocrx_word' id='word_1_278' title='bbox 1281 4183 1426 4263; x_wconf 86' lang='lat' dir='ltr'><strong>lubrica,</strong></span> <span class='ocrx_word' id='word_1_279' title='bbox 1462 4196 1589 4261; x_wconf 86' lang='lat' dir='ltr'><strong>tenera,</strong></span> <span class='ocrx_word' id='word_1_280' title='bbox 1616 4195 1723 4246; x_wconf 82' lang='lat' dir='ltr'><strong>tenax.</strong></span> <span class='ocrx_word' id='word_1_281' title='bbox 1771 4187 1904 4247; x_wconf 85' lang='lat' dir='ltr'><strong>Annua.</strong></span> <span class='ocrx_word' id='word_1_282' title='bbox 1952 4184 2045 4245; x_wconf 86' lang='lat' dir='ltr'><strong>Vere.</strong></span> <span class='ocrx_word' id='word_1_283' title='bbox 2093 4181 2247 4257; x_wconf 74' lang='lat' dir='ltr'><strong>Chartae</strong></span> 
     </span>
    </p>
   </div>
   <div class='ocr_carea' id='block_1_9' title="bbox 778 4291 933 4360">
    <p class='ocr_par' dir='ltr' id='par_1_9' title="bbox 778 4291 933 4360">
     <span class='ocr_line' id='line_1_31' title="bbox 778 4291 933 4360; baseline 0 -2"><span class='ocrx_word' id='word_1_284' title='bbox 778 4291 933 4360; x_wconf 85' lang='lat' dir='ltr'><strong>adhaeret.</strong></span> 
     </span>
    </p>
   </div>
   <div class='ocr_carea' id='block_1_10' title="bbox 448 4481 2378 4991">
    <p class='ocr_par' dir='ltr' id='par_1_10' title="bbox 448 4481 2378 4991">
     <span class='ocr_line' id='line_1_32' title="bbox 448 4481 2247 4602; baseline -0.006 -29"><span class='ocrx_word' id='word_1_285' title='bbox 448 4515 540 4596; x_wconf 56' lang='lat' dir='ltr'><strong>trab,</strong></span> <span class='ocrx_word' id='word_1_286' title='bbox 560 4519 620 4602; x_wconf 64' lang='lat'><strong>252</strong></span> <span class='ocrx_word' id='word_1_287' title='bbox 688 4490 753 4579; x_wconf 72' lang='lat' dir='ltr'><strong>v5.</strong></span> <span class='ocrx_word' id='word_1_288' title='bbox 801 4496 848 4566; x_wconf 88' lang='grc' dir='ltr'><strong>Β.</strong></span> <span class='ocrx_word' id='word_1_289' title='bbox 873 4491 1035 4582; x_wconf 72' lang='lat' dir='ltr'><strong>micans,</strong></span> <span class='ocrx_word' id='word_1_290' title='bbox 1074 4490 1142 4562; x_wconf 86' lang='lat' dir='ltr'><strong>filis</strong></span> <span class='ocrx_word' id='word_1_291' title='bbox 1168 4490 1363 4578; x_wconf 86' lang='lat' dir='ltr'><strong>continuis,</strong></span> <span class='ocrx_word' id='word_1_292' title='bbox 1394 4486 1633 4580; x_wconf 81' lang='lat' dir='ltr'><strong>simplicibus,</strong></span> <span class='ocrx_word' id='word_1_293' title='bbox 1665 4484 1935 4573; x_wconf 85' lang='lat' dir='ltr'><strong>minutissimis,</strong></span> <span class='ocrx_word' id='word_1_294' title='bbox 1969 4481 2247 4590; x_wconf 71' lang='lat' dir='ltr'><strong>grantsliferis5</strong></span> 
     </span>
     <span class='ocr_line' id='line_1_33' title="bbox 569 4621 1372 4737; baseline -0.019 -29"><span class='ocrx_word' id='word_1_295' title='bbox 569 4621 572 4625; x_wconf 8' lang='grc' dir='ltr'><strong><em>ἢ</em></strong></span> <span class='ocrx_word' id='word_1_296' title='bbox 642 4628 801 4737; x_wconf 79' lang='lat' dir='ltr'><strong>granulis</strong></span> <span class='ocrx_word' id='word_1_297' title='bbox 822 4626 1205 4721; x_wconf 84' lang='lat' dir='ltr'><strong>cylindraceo-ovatis,</strong></span> <span class='ocrx_word' id='word_1_298' title='bbox 1231 4627 1372 4719; x_wconf 90' lang='lat' dir='ltr'><strong>sparsis.</strong></span> 
     </span>
     <span class='ocr_line' id='line_1_34' title="bbox 694 4752 2378 4854; baseline -0.008 -18"><span class='ocrx_word' id='word_1_299' title='bbox 694 4766 847 4836; x_wconf 85' lang='lat' dir='ltr'><strong>Habitat</strong></span> <span class='ocrx_word' id='word_1_300' title='bbox 861 4766 900 4835; x_wconf 87' lang='lat' dir='ltr'><strong>iu</strong></span> <span class='ocrx_word' id='word_1_301' title='bbox 916 4765 998 4834; x_wconf 89' lang='lat' dir='ltr'><strong>sinu</strong></span> <span class='ocrx_word' id='word_1_302' title='bbox 1012 4763 1218 4834; x_wconf 87' lang='lat' dir='ltr'><strong>Othiniensi</strong></span> <span class='ocrx_word' id='word_1_303' title='bbox 1231 4761 1328 4834; x_wconf 85' lang='lat' dir='ltr'><strong>foliis</strong></span> <span class='ocrx_word' id='word_1_304' title='bbox 1346 4759 1506 4852; x_wconf 58' lang='lat' dir='ltr'><strong>Ruppiae,</strong></span> <span class='ocrx_word' id='word_1_305' title='bbox 1526 4755 1716 4829; x_wconf 77' lang='lat' dir='ltr'><strong>maritimae</strong></span> <span class='ocrx_word' id='word_1_306' title='bbox 1741 4766 1780 4828; x_wconf 87' lang='lat' dir='ltr'><strong>et</strong></span> <span class='ocrx_word' id='word_1_307' title='bbox 1800 4752 1960 4827; x_wconf 83' lang='lat' dir='ltr'><strong>Zosterae</strong></span> <span class='ocrx_word' id='word_1_308' title='bbox 1979 4759 2136 4828; x_wconf 84' lang='lat' dir='ltr'><strong>marinae</strong></span> <span class='ocrx_word' id='word_1_309' title='bbox 2168 4765 2247 4854; x_wconf 55' lang='lat' dir='ltr'><strong>ing</strong></span> <span class='ocrx_word' id='word_1_310' title='bbox 2377 4830 2378 4833; x_wconf 8' lang='grc' dir='ltr'><strong>Ἴ</strong></span> 
     </span>
     <span class='ocr_line' id='line_1_35' title="bbox 646 4913 2378 4991; baseline -0.024 -13"><span class='ocrx_word' id='word_1_311' title='bbox 646 4913 741 4979; x_wconf 75' lang='lat' dir='ltr'><strong>nata</strong></span> <span class='ocrx_word' id='word_1_312' title='bbox 2377 4920 2378 4991; x_wconf 66' lang='lat' dir='ltr'><strong>t</strong></span> 
     </span>
    </p>
   </div>
   <div class='ocr_carea' id='block_1_11' title="bbox 691 5020 2253 5228">
    <p class='ocr_par' dir='ltr' id='par_1_11' title="bbox 691 5012 2378 5228">
     <span class='ocr_line' id='line_1_36' title="bbox 691 5020 2250 5117; baseline -0.004 -20"><span class='ocrx_word' id='word_1_313' title='bbox 691 5029 815 5099; x_wconf 86' lang='lat' dir='ltr'><strong>DESC.</strong></span> <span class='ocrx_word' id='word_1_314' title='bbox 874 5027 946 5094; x_wconf 87' lang='lat' dir='ltr'><strong>Fila</strong></span> <span class='ocrx_word' id='word_1_315' title='bbox 971 5026 1207 5103; x_wconf 84' lang='lat' dir='ltr'><strong>minutissima,</strong></span> <span class='ocrx_word' id='word_1_316' title='bbox 1232 5025 1355 5117; x_wconf 89' lang='lat' dir='ltr'><strong>capillo</strong></span> <span class='ocrx_word' id='word_1_317' title='bbox 1374 5025 1518 5090; x_wconf 83' lang='lat' dir='ltr'><strong>humano</strong></span> <span class='ocrx_word' id='word_1_318' title='bbox 1544 5023 1713 5103; x_wconf 86' lang='lat' dir='ltr'><strong>tenuiora,</strong></span> <span class='ocrx_word' id='word_1_319' title='bbox 1736 5020 1856 5088; x_wconf 85' lang='lat' dir='ltr'><strong>lineam</strong></span> <span class='ocrx_word' id='word_1_320' title='bbox 1880 5021 1948 5087; x_wconf 88' lang='lat' dir='ltr'><strong>fere</strong></span> <span class='ocrx_word' id='word_1_321' title='bbox 1970 5020 2084 5105; x_wconf 83' lang='lat' dir='ltr'><strong>longa,</strong></span> <span class='ocrx_word' id='word_1_322' title='bbox 2123 5021 2250 5100; x_wconf 80' lang='lat' dir='ltr'><strong>foliis,</strong></span> 
     </span>
     <span class='ocr_line' id='line_1_37' title="bbox 777 5126 2253 5228; baseline -0.007 -24"><span class='ocrx_word' id='word_1_323' title='bbox 777 5133 894 5227; x_wconf 74' lang='lat' dir='ltr'><strong>quibus</strong></span> <span class='ocrx_word' id='word_1_324' title='bbox 907 5134 1079 5228; x_wconf 70' lang='lat' dir='ltr'><strong>pmasitice</strong></span> <span class='ocrx_word' id='word_1_325' title='bbox 1093 5128 1246 5214; x_wconf 83' lang='lat' dir='ltr'><strong>insident,</strong></span> <span class='ocrx_word' id='word_1_326' title='bbox 1270 5130 1460 5201; x_wconf 81' lang='lat' dir='ltr'><strong>densissime</strong></span> <span class='ocrx_word' id='word_1_327' title='bbox 1475 5129 1597 5209; x_wconf 87' lang='lat' dir='ltr'><strong>inuata,</strong></span> <span class='ocrx_word' id='word_1_328' title='bbox 1623 5146 1656 5196; x_wconf 88' lang='lat' dir='ltr'><strong>et</strong></span> <span class='ocrx_word' id='word_1_329' title='bbox 1671 5128 1748 5194; x_wconf 89' lang='lat' dir='ltr'><strong>inde</strong></span> <span class='ocrx_word' id='word_1_330' title='bbox 1762 5127 1921 5221; x_wconf 73' lang='lat' dir='ltr'><strong>parallelo</strong></span> <span class='ocrx_word' id='word_1_331' title='bbox 1936 5127 2093 5193; x_wconf 80' lang='lat' dir='ltr'><strong>excuntis.</strong></span> <span class='ocrx_word' id='word_1_332' title='bbox 2134 5126 2253 5194; x_wconf 85' lang='lat' dir='ltr'><strong>Gra-</strong></span> 
     </span>
    </p>
   </div>
   <div class='ocr_carea' id='block_1_12' title="bbox 0 0 2399 6100">
    <p class='ocr_par' dir='ltr' id='par_1_12' title="bbox 0 0 2399 6100">
     <span class='ocr_line' id='line_1_38' title="bbox 0 0 2399 6100; baseline 0 0"><span class='ocrx_word' id='word_1_333' title='bbox 0 0 2399 6100; x_wconf 95' lang='lat' dir='ltr'><strong> </strong></span> 
     </span>
    </p>
   </div>
  </div>
 </body>
</html>
