4728 6088
756 422 759 431 '
906 423 1180 500 PRAEFATIOt
1798 445 1881 502 m

141 634 193 721 in
210 623 435 722 terravel
452 626 634 745 fundo,
662 650 717 721 ut
736 625 838 718 aliae
853 626 1035 742 herba,
1068 627 1154 721 sed
1179 631 1231 718 in
1254 647 1465 719 extrema
1490 625 1748 751 superficie
1777 652 1934 749 aeqvo·

141 779 229 891 ris,
261 776 393 899 prati
410 779 579 891 instar,
612 795 748 866 natat
765 796 811 866 et
834 773 1120 866 animalibus
1141 774 1266 865 infra
1285 773 1687 867 concursantibus
1702 761 1933 863 alimento

143 923 343 1014 inservit
353 953 367 1032 ;
415 919 520 1013 hoc
539 926 648 1046 ipso
676 919 870 1014 sedatur
895 953 1055 1036 mare,
1100 941 1148 1012 et
1180 914 1405 1015 fluctibus
1430 917 1676 1012 suffocatis
1707 937 1936 1044 pacatum

144 1065 350 1162 eradit.”
394 1117 451 1137 -
487 1064 788 1159 Animalibus
817 1088 976 1158 autem
999 1097 1102 1157 non
1127 1087 1314 1158 tantum
1338 1069 1591 1192 aqvaticis,
1634 1061 1722 1156 sed
1746 1092 1934 1188 qvoqve

143 1212 423 1308 domesticis
440 1212 668 1306 alimento
684 1217 949 1306 inserviunt
955 1246 967 1324 ;
1001 1218 1181 1303 namin
1196 1217 1243 1306 N
1246 1215 1452 1339 orvegia·
1466 1235 1517 1304 et
1534 1211 1702 1306 insulis·
1720 1214 1935 1301 Fauoen-

143 1362 276 1455 sibus
300 1365 410 1485 eqvi
434 1392 662 1486 ovesqve,
695 1364 809 1485 qvin
828 1362 971 1452 etiam
992 1363 1043 1449 in
1065 1362 1335 1486 graminum
1352 1357 1668 1476 abundantia,
1696 1354 1759 1448 ad
1773 1354 1937 1446 littora

142 1540 271 1634 saepe
288 1507 515 1601 festinare
535 1528 813 1621 cernuntur,
853 1527 907 1596 ut
930 1502 1213 1598 nonnullas,
1253 1502 1422 1628 qvibus
1444 1503 1583 1598 avide·
1609 1526 1868 1598 vescuntur
1888 1521 1936 1592 et

4 1688 5 1711 ³
144 1652 456 1765 delectantur,
484 1654 578 1744 sibi
599 1673 809 1778 quaerant
828 1648 978 1779 algas3
1012 1682 1126 1742 nam
1144 1673 1344 1776 propter
1363 1649 1527 1766 sulem,
1552 1682 1691 1777 qvem
1708 1650 1782 1742 hat
1797 1649 1938 1775 plan·

145 1821 206 1892 tae
234 1802 290 1888 in
316 1831 366 1891 se
386 1797 586 1903 multum
609 1797 797 1911 fovent,
848 1827 877 1886 a
893 1800 1155 1922 pecoribus
1185 1819 1422 1910 amantum
1468 1820 1516 1889 et
1539 1816 1741 1891 testante
1763 1788 1937 1920 Ligltt·
2034 1894 2037 1902 .

130 1948 333 2070 foocio,
377 1976 558 2070 pecora
580 1949 633 2035 in
656 1930 823 2037 insulis
847 1940 1147 2035 Hebridibus
1173 1940 1348 2034 eodem
1370 1974 1456 2035 esu
1485 1966 1702 2069 ternpore
1728 1937 1938 2069 hyemali

143 2096 442 2203 nutriuntur,
495 2096 609 2217 qvin
642 2095 787 2183 etiam
817 2092 946 2183 cervi
976 2070 1108 2213 post
1124 2109 1432 2214 tempestates
1462 2086 1626 2181 littora
1655 2113 1819 2218 petere
1846 2088 1938 2178 visi

144 2259 275 2353 sunt,
327 2237 460 2330 hunc
491 2271 625 2330 esum
646 2235 886 2363 qvaerendi
916 2239 1128 2351 causa*).
1158 2286 1216 2303 —
1235 2236 1495 2352 Praeterea,
1535 2231 1939 2360 qvemadmodum

143 2381 319 2509 plantae
334 2384 709 2513 Phanerogamae
732 2388 831 2475 ariri
851 2379 1253 2508 athmosphaerico
1275 2383 1529 2509 purgando
1552 2389 1834 2497 inserviunt,
1866 2381 1938 2477 sic

145 2531 289 2660 Algae,
320 2554 441 2624 teste
458 2530 629 2631 saltem
648 2527 748 2623 Cel.
765 2528 1025 2648 Pristim,
1055 2525 1187 2617 idem
1201 2522 1428 2644 efficiunt,
1459 2532 1616 2659 gabim
1633 2529 1937 2658 oxygeniutn,

151 2678 239 2768 sub
267 2710 388 2803 aqva
414 2676 510 2771 soll
531 2677 782 2800 expositae,
825 2674 1094 2763 emittentes
1103 2706 1117 2786 3
1161 2695 1299 2796 atqve
1324 2677 1459 2797 ineo
1486 2682 1589 2769 sine
1615 2673 1769 2768 dubio
1793 2701 1940 2767 causa

152 2823 400 2946 qvaerenda
418 2845 520 2940 ¹est,
557 2853 643 2915 cur
664 2850 795 2945 aqvas
817 2839 1111 2946 stagnantes,
1149 2821 1319 2943 qvibus
1349 2818 1601 2918 Confervae
1627 2828 1942 2915 innascuntur

148 2991 232 3060 aut
250 2968 365 3062 datai
389 2967 540 3097 operti
557 2959 898 3067 immittuntur,
943 2996 972 3053 a
992 2951 1305 3093 corruptione
1326 2964 1553 3064 maneant
1578 2970 1759 3063 alienae.
1796 3025 1855 3043 --
1886 2968 1942 3056 ln
2020 2986 2025 2994 “

141 3112 265 3208 locis
288 3115 524 3231 humidis,
569 3149 669 3240 qvae
697 3116 1019 3227 exsiccantur,
1067 3111 1229 3240 plures
1254 3117 1605 3212 Conseruarum
1634 3123 1822 3244 species
1843 3119 1942 3243 pri·
2028 3181 2031 3187 2

4 3252 6 3331 ἶ
68 3247 71 3251 ’
144 3293 228 3353 ma
245 3287 360 3356 sunt
381 3262 694 3393 vegetabilia,
735 3280 1081 3385 qvaetempore
1103 3262 1288 3355 vernali
1313 3299 1341 3358 e
1369 3271 1554 3396 gremio
1576 3289 1712 3360 terrae
1739 3263 1942 3357 eliciun-

142 3429 244 3523 tur,
300 3440 450 3532 eaqve
483 3409 642 3503 herbis
673 3405 961 3532 majoribus,
1020 3441 1120 3534 qvae
1151 3409 1329 3506 deinde
1361 3414 1605 3538 paulatim
1630 3417 1940 3540 proveniunt,

148 3552 286 3639 viam
304 3549 530 3641 idoneam
555 3576 791 3664 sternunt,
828 3557 1004 3676 partim
1025 3587 1136 3645 curn
1155 3552 1364 3679 reliquiae
1387 3586 1553 3647 earum
1576 3565 1838 3681 caespitosae
1861 3587 1941 3645 so-

141 3691 253 3782 lum
287 3715 506 3785 terrestre
531 3695 821 3789 obducentes
847 3696 1010 3793 herbis
1034 3700 1259 3793 tenuibus
1284 3698 1410 3793 infra
1432 3699 1781 3828 pullulantibus
1805 3723 1941 3831 tegu-

142 3859 366 3930 mentum
392 3843 652 3964 praebeant,
688 3849 863 3968 partim
888 3878 999 3939 cum
1017 3846 1259 3941 dissolutae
1275 3852 1329 3938 in
1346 3847 1515 3942 limum
1535 3856 1717 3966 abeant,
1751 3852 1829 3975 qvi
1848 3870 1940 3940 tere

4 4078 6 4131 Ι
143 4013 252 4075 ram
274 3980 557 4079 fertiliorem
581 3985 750 4083 reddit.
792 4048 847 4067 --
882 3996 938 4082 In
967 3999 1099 4119 aqvis
1129 3995 1350 4088 dulcibus
1378 3995 1439 4088 ad
1467 3994 1641 4089 turfam
1664 3995 1939 4124 producar·

4 4142 6 4157 ‘
146 4125 262 4218 dam
280 4134 547 4256 praeprimis
565 4133 769 4249 faciunt;
805 4170 952 4264 qvare
971 4176 1064 4268 qvo
1084 4144 1235 4270 magis
1255 4139 1311 4233 ed
1330 4141 1586 4237 foveantur
1604 4147 1840 4259 homines,
1877 4176 1938 4238 eo

4 4288 6 4337 l
144 4274 620 4405 minushaecplantae
639 4288 884 4376 contemni
910 4310 1164 4381 merentur.
1200 4340 1254 4358 -
1283 4288 1404 4378 Sunt
1427 4292 1591 4405 etiam,
1627 4322 1726 4416 qvae
1749 4286 1810 4381 ad
1831 4287 1940 4381 firn-

150 4416 267 4510 dum
298 4422 442 4514 maris
480 4426 715 4550 paulatim
758 4429 1044 4527 elevandum
1081 4437 1180 4525 vim
1218 4431 1451 4545 habeant;
1508 4438 1578 4527 sic
1617 4439 1939 4529 Oscillatoria

4 4568 6 4657 ἱ
151 4566 546 4690 abcbouoplasces
571 4573 779 4666 insulam
804 4608 1023 4702 parvam,
1074 4578 1246 4680 sabulo
1272 4576 1363 4672 filis
1392 4583 1490 4673 suis
1516 4579 1712 4677 lubricis
1735 4572 1935 4702 reten't0,

4 4720 6 4795 l
148 4715 379 4838 temporis
408 4715 613 4810 decursu
628 4719 930 4839 formavitst)
1806 4712 1809 4719 ‚

142 4862 410 4884 *-

205 4894 248 5005 ’ἿΛ
283 4924 408 5011 Lightl.
433 4925 484 4993 Fl.
510 4945 591 4995 scot.
623 4954 659 5021 p.
683 4940 755 5009 906.
1594 5000 1606 5005 -

184 5033 231 5117 Ὅ
281 5032 464 5123 Hofmunn
482 5036 588 5130 Baag
609 5042 661 5108 De
683 5066 744 5113 usu
766 5044 1008 5114 Conserrarum
1027 5045 1063 5109 in
1085 5067 1155 5113 occ.
1176 5062 1301 5113 natura
1322 5071 1357 5139 p.
1378 5058 1429 5123 17.
1549 5023 1552 5029 ¹

1456 5185 1542 5268 (θ’)
