4728 6088
696 483 748 560 60
857 473 1027 546 sumto
1049 470 1214 547 Paula.
1268 469 1610 546 struentem
1635 470 1674 547 dt
1697 476 1997 551 CHORDARIA.

784 675 970 743 Tubercula
991 679 1167 768 spongiosa
1182 675 1324 761 oblonga
1338 676 1430 744 lateri
1444 675 1574 743 fiendis
1589 676 1682 742 affin
1694 675 1748 743 vel
1770 678 1998 770 amplectentia
2017 684 2087 769 (scd
2103 685 2210 774 quoad

780 780 987 868 superficiem
1003 779 1205 872 epidermide
1220 780 1347 846 frondis
1361 804 1433 845 non
1452 779 1570 860 tecta),
1596 804 1667 869 qvae
1687 784 1808 846 semina
1829 782 1973 872 plurima
1998 788 2208 868 subrotunda,

777 882 880 949 limbo
900 883 1068 975 pellucido
1085 886 1191 949 cincta
1205 882 1388 954 includunt,
1411 884 1504 949 libris
1520 882 1694 973 pellucidis
1710 884 1886 950 articulatis
1902 893 2091 954 excentrieis
2109 893 2211 954 inter-

780 988 901 1053 mixtis.
948 988 1137 1055 Secundum
1152 988 1288 1070 figuram
1300 986 1352 1052 Fl.
1366 985 1442 1052 dan.
1458 989 1580 1052 semina
1594 989 1629 1051 in
1645 990 1813 1070 congeries
1833 1012 1941 1054 roseas
1967 991 2119 1057 stdlatim
2144 992 2214 1058 dis-

781 1090 903 1178 positas
918 1109 1086 1173 aggregata
1100 1108 1184 1155 sunt.
1226 1088 1328 1156 Color
1342 1090 1433 1157 lusco
1448 1088 1618 1170 olivaceus,
1639 1089 1746 1157 lucem
1763 1114 1874 1155 versus
1889 1091 2081 1182 diaphanus.
2125 1095 2214 1160 Sub-

781 1194 898 1257 stantia
923 1194 1146 1277 cartilaginea,
1178 1193 1239 1257 sub
1261 1191 1347 1256 lente
1367 1195 1453 1258 intus
1473 1210 1646 1283 punctata,
1676 1195 1840 1259 exsiccate
1862 1218 1991 1262 cornea.
2044 1199 2212 1262 Perennis.

781 1298 905 1386 Hyeme
921 1315 954 1360 et
968 1320 1043 1360 vere
1059 1293 1261 1360 venditatum
1277 1294 1341 1360 fert
1355 1295 1508 1361 fructum.
1980 1323 2004 1353 ι·

697 1422 788 1488 OBS.
834 1424 923 1488 Inter
939 1422 1023 1484 hanc
1040 1436 1073 1484 ct
1088 1418 1332 1485 antecedentem
1341 1421 1450 1509 quoad
1463 1421 1611 1485 habitum
1630 1438 1799 1486 externum
1821 1424 1959 1487 maxirna
1982 1425 2117 1487 interest
2140 1422 2214 1485 affi-

781 1528 884 1604 nitas3
914 1522 1080 1587 fructifera
1105 1522 1238 1612 quidem
1263 1524 1457 1614 exemplaria
1478 1523 1573 1589 facile
1595 1522 1848 1606 dignoscuntur,
1873 1524 1995 1589 sterilia
2017 1548 2113 1603 vero,
2141 1547 2214 1612 qva·

780 1630 898 1715 saepius
914 1643 1106 1704 occurrunt,
1132 1643 1197 1690 tam
1211 1627 1321 1693 radice
1344 1646 1375 1692 et
1391 1627 1518 1707 colore,
1542 1650 1640 1717 qvam
1658 1626 1784 1709 angulis
1807 1645 1839 1691 et
1858 1628 2022 1716 apicibus,
2047 1627 2214 1714 imprimis

781 1747 887 1795 autem
901 1744 1061 1794 structura
1076 1731 1242 1808 interiori,
1267 1755 1337 1819 qvae
1356 1732 1390 1794 in
1405 1732 1508 1794 Furc.
1525 1731 1671 1794 rotanda
1691 1731 1751 1794 sub
1775 1728 1861 1793 lente
1884 1745 2038 1818 punctata
2061 1746 2209 1817 apparet,

783 1833 923 1901 discerni
945 1849 1093 1921 possunt.
1153 1834 1310 1911 Fructus,
1348 1856 1445 1922 menn
1466 1835 1655 1905 auctoritate
1690 1830 1759 1897 Cel.
1788 1832 1935 1896 Tamari
1964 1832 2041 1896 huic
2072 1831 2210 1896 attribui

780 1940 915 2026 speciei,
939 1957 1066 2023 semper
1081 1933 1161 1997 mihi
1176 1934 1328 2023 equidem
1345 1936 1407 2000 suit
1420 1934 1656 2025 aliquantulum
1676 1951 1863 2024 suspectus3
1888 1952 1936 2013 et,
1961 1935 1986 1997 si
2004 1934 2133 1998 habitus
2152 1957 2214 1998 ex·

783 2056 892 2102 ternus
906 2062 974 2102 non
993 2038 1153 2114 obstaret,
1179 2060 1218 2099 ex
1232 2038 1457 2102 observatione
1472 2038 1541 2104 Cel.
1558 2038 1752 2126 Agardltii,
1776 2059 1873 2125 qvam
1893 2059 1961 2101 non
1981 2059 2118 2125 possum
2143 2058 2215 2100 non

779 2142 962 2230 approbare
971 2187 983 2221 ,
1008 2138 1199 2229 adsequens
1215 2160 1314 2222 genus
1332 2137 1446 2204 melius
1470 2139 1581 2206 sorsan
1603 2157 1685 2205 esset
1698 2137 1880 2205 reserenda.

1027 2594 1180 2683 xvu.
1250 2593 1819 2741 *attenuantes
1912 2545 1919 2555 ’

765 2790 850 2844 Frons
869 2803 948 2841 teret.
985 2786 1098 2841 Semina
1114 2787 1189 2841 nuda
1209 2789 1260 2843 toti
1279 2788 1368 2842 frondi
1387 2790 1530 2849 immersa,
1554 2789 1721 2861 eandemqu
1743 2802 1869 2860 ttoqttm
1887 2785 2088 2840 constituentis.

454 2949 544 3021 st.
567 2962 625 3033 13.
728 2956 759 3023 1·
810 2941 872 3014 ch.
895 2937 1142 3032 scorpioides,·
1168 2939 1298 3010 fronde
1321 2952 1452 3031 terete,
1485 2964 1574 3034 vage
1593 2952 1632 3011 et
1651 2940 1853 3013 alternatim
1874 2937 2033 3025 ramosa,
2059 2943 2215 3011 semiui-

649 3076 784 3168 busqve
800 3077 904 3145 nudis
921 3077 960 3144 in
974 3084 1051 3142 tota
1067 3071 1204 3143 frondis
1226 3073 1426 3142 substantie
1442 3075 1648 3143 densissime
1672 3071 1928 3141 nidulantibus.

780 3217 869 3267 sucus
887 3211 1062 3283 scorpioides
1080 3210 1115 3266 ΡΙ.
1136 3209 1162 3266 d.
1181 3212 1216 3267 T·
1238 3220 1311 3281 1479·
1780 3260 1785 3266 .

652 3329 853 3400 Habitatin
865 3326 980 3398 fimdo
994 3330 1101 3396 matis
1115 3329 1161 3395 ad
1180 3351 1279 3396 oram
1297 3327 1434 3396 Fioniae
1444 3322 1758 3419 septentrionalem
1776 3335 1832 3396 sat
1844 3323 2008 3417 vulgaris,
2031 3324 2217 3415 imprimis

641 3463 697 3541 ‚td
718 3462 817 3532 Brun
836 3460 963 3554 praedii
977 3458 1257 3549 Hofiuansgeve.
1855 3485 1856 3488 ¹

698 3629 822 3696 DESC.
874 3628 1030 3694 Radicem
1053 3650 1121 3692 non
1141 3641 1227 3691 certe
1249 3624 1345 3704 novi,
1370 3646 1506 3713 parvam
1526 3639 1608 3711 puto
1631 3626 1795 3718 lapidibus
1819 3628 2055 3691 aduescentem.
2106 3628 2225 3696 Frons
2317 3628 2319 3635 ’

782 3732 944 3812 solitaria,
976 3728 1100 3809 solida,
1137 3746 1239 3807 teres,
1261 3725 1373 3817 pedali
1393 3745 1426 3792 et
1446 3725 1532 3791 ultra
1551 3723 1773 3809 longitudine,
1797 3728 1868 3792 basi
1890 3746 2068 3808 attenuata,
2097 3754 2224 3820 pennae

779 3836 954 3925 passerinae
968 3835 1130 3910 crassitie,
1150 3829 1269 3896 deinde
1279 3831 1401 3895 sensim
1416 3853 1560 3918 pennam
1576 3833 1744 3895 corvinam
1758 3832 1900 3895 crassitie
1927 3854 2076 3919 aeqvans,
2107 3833 2153 3898 ad
2169 3833 2226 3898 al-

785 3936 955 4002 titudinem
967 3933 1096 4024 pollieis
1113 3956 1211 4020 supra
1227 3934 1321 3995 basin
1336 3931 1510 4006 indivisus,
1537 3929 1613 3991 dein
1628 3952 1737 3993 ramos
1759 3952 1857 4011 vagos
1879 3934 2043 4001 emittens.
2067 3957 2225 4022 qnorum

782 4040 886 4102 in'limi
907 4036 1019 4099 eadem
1048 4034 1114 4098 sere
1139 4050 1215 4097 sunt
1231 4030 1451 4113 longitudine,
1483 4053 1545 4117 qva
1562 4052 1671 4094 remus
1693 4031 1886 4120 primarius,
1910 4039 2008 4100 ceteri
2027 4035 2221 4106 breviores.

781 4141 874 4205 Rami
896 4154 1030 4215 teretes,
1054 4132 1300 4200 horizontaliter
1324 4130 1445 4223 patuli,
1471 4156 1557 4197 nunc
1582 4136 1726 4214 curuati,
1757 4160 1846 4203 nunc
1867 4138 1995 4213 reflexi,
2020 4132 2078 4197 sed
2102 4144 2221 4212 rarius

784 4242 948 4332 adpressi,
970 4240 1162 4331 plerumque
1184 4235 1317 4316 alterni,
1341 4233 1399 4300 scd
1420 4236 1516 4300 etiam
1536 4237 1687 4319 secundi,
1709 4237 1844 4331 aliisqve
1864 4238 2060 4315 minoribus,
2087 4240 2221 4313 iterum

784 4345 881 4411 simili
896 4347 1021 4410 ratione
1037 4343 1165 4418 divisis,
1186 4340 1327 4419 obsessi,
1351 4340 1476 4429 apicem
1495 4364 1606 4408 versus
1630 4346 1799 4421 attenuati,
1825 4342 1915 4429 apice
1936 4341 2073 4421 obtuso,
2100 4346 2221 4416 inter.

783 4449 861 4514 dum
883 4446 992 4513 medio
1014 4446 1179 4535 depresso.
1232 4446 1371 4509 Fructus
1392 4443 1521 4510 Semina
1543 4445 1648 4525 nuda,
1678 4448 1811 4528 exigua,
1841 4460 1955 4522 ovata,
1986 4442 2216 4534 flavescentia,

772 4552 884 4619 limbo
904 4548 1072 4641 pellucido
1095 4550 1217 4624 cincta,
1243 4546 1312 4613 telae
1337 4546 1499 4614 cellulosa
1519 4548 1645 4615 frondis
1667 4549 1786 4637 ubiqve
1807 4549 1926 4612 innata.
1974 4546 2079 4613 Semel
2106 4558 2219 4626 etiam

785 4653 947 4744 exemplar
962 4654 1041 4735 legi,
1065 4655 1117 4717 cui
1131 4651 1314 4717 insidebant
1328 4650 1513 4716 Tubercula
1537 4646 1798 4730 scutellisormia,
1821 4652 1885 4741 pisi
1907 4652 1973 4716 sere
2000 4658 2216 4745 magnitud}
2307 4684 2312 4689 ·

783 4782 841 4837 ne,
866 4759 923 4823 sed
936 4757 1113 4822 substantia
1129 4778 1244 4822 eorum
1256 4756 1385 4821 iuterna
1409 4773 1479 4821 erat
1499 4754 1628 4833 eadem,
1653 4776 1691 4819 ac
1715 4756 1813 4821 totius
1837 4754 1976 4823 frondis.
2022 4756 2129 4825 Color
2151 4762 2216 4828 fu*

652 4930 918 4956 m

780 5044 810 5121 *)
854 5035 1155 5129 Exxdpisucborda
1164 5080 1178 5114 ,
1199 5036 1292 5110 [idest
1315 5038 1371 5105 sit.
1383 5037 1477 5102 tut.
1488 5035 1785 5103 insuasum.
1803 5047 1895 5123 1309·
1912 5061 1945 5123 p.
1959 5046 1990 5108 Β.
