4772 6106
513 500 685 579 storto
710 499 945 577 sacerna.
1002 500 1302 578 vaucrman.
1591 521 1646 604 79

153 715 289 786 DESC.
335 714 464 805 Caespes
479 711 669 778 densissime
682 711 870 792 intricatus,
895 727 1032 777 stratum
1046 710 1191 778 formans
1205 708 1321 777 ulnare
1342 725 1374 774 et
1394 704 1480 774 ultra
1505 714 1691 804 superficiei

251 843 351 911 seqvae
364 821 524 883 innatans.
571 815 643 882 Fila
658 815 815 908 capillum
828 816 1008 882 humanum
1022 841 1148 898 crassa,
1174 817 1303 883 inferne
1318 813 1490 906 simplicia,
1512 815 1555 882 ad
1570 820 1698 909 apicem

251 947 392 991 ramosa.
437 921 531 988 Rami
553 919 816 1003 subdiehotomi,
841 919 1031 997 divaricati,
1056 926 1149 1012 apice
1176 923 1303 1005 reflexi,
1330 919 1466 1002 clavati,
1485 919 1696 989 vesiculiseri.

248 1026 410 1096 Vesiculae
424 1024 587 1106 solitaria,
605 1025 802 1107 terminales,
821 1027 969 1116 apicibus
987 1025 1193 1094 ramulorum
1204 1027 1388 1092 incrassatis
1404 1027 1616 1116 recurvisqve
1631 1029 1698 1092 im-

245 1145 507 1210 mersae,·ovata,
532 1129 718 1198 minoribus
731 1128 876 1214 globosis
892 1131 928 1196 in
946 1129 1068 1197 tubulis
1088 1130 1222 1198 filorum
1244 1135 1334 1215 juxta
1348 1127 1586 1196 nidulantibus.
1629 1131 1698 1197 Co·

185 1297 188 1303 .
244 1233 299 1303 lor
313 1229 450 1299 sordide
473 1232 609 1315 viridis,
633 1233 852 1311 vesicularum
866 1236 1040 1301 intensior.
1086 1235 1276 1302 Substantia
1290 1234 1558 1316 membranacea,
1590 1252 1696 1301 tenax.

243 1341 376 1407 Annua.
422 1335 535 1403 Primo
556 1355 679 1405 verset
694 1356 862 1408 autunmo.
910 1338 1040 1404 Chusa
1059 1338 1132 1404 laxe
1149 1338 1305 1404 adhaeret.

187 1552 221 1630 9.
278 1535 325 1609 V.
348 1533 521 1626 marina3
551 1534 620 1607 filis
645 1534 892 1629 capillaribus‚
916 1537 1063 1627 erectis,
1090 1538 1261 1629 ramosis,
1285 1537 1397 1606 ramis
1418 1536 1692 1630 remotiusculis,
1717 1542 1809 1616 Tab.
1831 1556 1895 1628 22.

116 1672 330 1762 attenuatis3
356 1669 522 1742 vericulis
536 1673 649 1744 ovatis
665 1667 993 1763 pedunculatisqve.

163 1806 319 1876 Habitat
332 1804 377 1873 ad
391 1802 493 1874 littus
508 1804 699 1876 Faeroense
716 1807 755 1874 in
770 1804 896 1874 infimo
912 1803 1073 1874 refluxus
1089 1804 1214 1894 limite,
1239 1814 1282 1874 ut
1295 1805 1342 1875 ad
1357 1804 1499 1900 Qvivig,
1523 1806 1586 1876 sed
1602 1831 1695 1876 raro.

161 1931 289 2000 DESC.
333 1932 459 2022 Caespes
474 1949 619 2013 erectus,
648 1932 788 2022 rupibus
802 1931 975 1998 maritimis
993 1932 1064 1997 basi
1080 1933 1212 2011 affixus,
1234 1930 1391 2022 pollicem
1414 1934 1544 1999 circiter
1567 1930 1696 2014 longus.

251 2034 319 2103 Fila
332 2035 563 2117 minutissima,
592 2034 762 2117 tubulosa,
781 2038 964 2124 continua,
989 2035 1111 2125 capillo
1129 2037 1272 2100 humana
1287 2039 1456 2116 tenuiora,
1479 2038 1567 2100 intus
1592 2037 1698 2100 massi

246 2140 345 2209 viridi
361 2138 534 2225 granulosd
550 2139 695 2232 repleta,
719 2163 859 2206 ramosa.
905 2141 1001 2204 Rami
1018 2139 1156 2207 remoti.
1182 2137 1302 2215 erecti,
1328 2139 1453 2225 apicem
1476 2160 1588 2205 versus
1613 2154 1699 2203 atte-

243 2247 349 2313 nuati.
393 2244 552 2313 Vesiculae
566 2243 732 2325 laterales,
758 2261 862 2313 ovatae
876 2241 930 2311 vcl
945 2242 1162 2323 subclevatae,
1186 2261 1318 2306 sursum
1343 2256 1546 2330 spectantes,
1572 2241 1698 2308 diame-

218 2344 223 2369 '
249 2369 337 2418 trum
359 2348 406 2416 fili
426 2349 600 2440 latitudine¹
619 2348 698 2440 2plo
720 2347 933 2429 excedentes,
963 2345 1179 2427 utrovirides,
1211 2345 1306 2411 brevi
1333 2345 1487 2435 tenuiqve
1506 2345 1696 2436 pedunculo

244 2455 352 2536 fultas,
386 2453 555 2521 interdum
575 2453 678 2521 limbo
700 2454 870 2547 pellucido
895 2456 1022 2520 cinctae.
1079 2450 1182 2520 Color
1204 2444 1332 2519 viridis.
1380 2447 1568 2518 Substantia
1589 2474 1698 2517 mem·

243 2563 420 2643 branacea,
445 2562 562 2627 tenuis.
609 2563 739 2629 Aestate
753 2558 831 2645 legi.
878 2560 1009 2624 Chartae
1027 2557 1183 2622 adhaeret.

193 2776 255 2845 10.
310 2763 357 2835 V.
376 2761 544 2858 pusilla,
578 2757 882 2850 filis-caespitesis,
908 2756 1143 2847 abbreviatis,
1168 2757 1435 2848 minutissimis,
1460 2752 1695 2851 simplicibus,
1720 2768 1813 2843 Ται),
1831 2783 1891 2856 22,

117 2901 314 2987 continuis,
335 2903 473 2992 apicem
489 2919 613 2968 versus
627 2894 843 2968 incrassatis.

163 3032 317 3105 Habitat
333 3035 380 3105 ad
394 3056 481 3104 saxa
493 3030 624 3102 littoris
639 3028 841 3117 Faeroensis
855 3028 895 3096 in
912 3028 1091 3119 superiori
1105 3029 1264 3099 refluxus
1280 3027 1405 3120 limite,
1419 3039 1461 3099 ut
1477 3029 1521 3100 ad
1531 3027 1696 3122 Qvalbiie
1799 3110 1803 3118 ⁵

117 3166 295 3252 Suderiie,
314 3171 412 3239 etad
429 3165 580 3261 Eldevig
596 3154 765 3255 Ostende,
791 3162 890 3232 haud
901 3160 1080 3255 freqvens.

158 3331 283 3399 DESC.
331 3330 500 3421 Caespituli
515 3328 696 3415 aggregati,
722 3350 797 3393 saxa
813 3327 977 3391 maritima
994 3325 1098 3394 denso
1122 3330 1287 3420 viridiqve
1310 3327 1470 3398 velamine
1494 3329 1696 3415 obtegentes,

244 3436 367 3503 lineam
382 3459 482 3499 unam
495 3434 669 3499 alteramve
683 3432 785 3516 longi.
832 3430 906 3496 Fila
923 3454 962 3495 ex
979 3430 1093 3497 eadem
1106 3434 1178 3500 basi
1198 3431 1342 3524 plurima
1370 3437 1538 3511 exeuntia,
1563 3435 1695 3525 simpli-

248 3542 315 3617 cia,
340 3535 496 3615 flaccida,
519 3536 687 3614 sabulosa,
711 3538 884 3604 continua.
909 3535 980 3600 basi
995 3554 1176 3614 attenuata,
1201 3538 1293 3623 apice
1313 3539 1491 3601 incrassata
1511 3556 1544 3603 et
1569 3541 1693 3604 obtusa.

250 3640 363 3701 Massa
377 3640 503 3699 interna
514 3638 698 3718 granulosa,
712 3634 834 3714 viridis,
848 3637 901 3705 hic
917 3639 986 3706 illie
1002 3637 1153 3705 desinens
1167 3634 1380 3728 geniculaqve
1388 3640 1505 3728 spuria
1519 3642 1694 3708 mentiens.

255 3738 361 3807 Color
382 3737 506 3805 viridis.
547 3738 733 3804 Substantia
753 3743 867 3808 tenuis.
913 3746 1053 3812 Aestate.

162 3866 256 3934 OBS.
303 3868 343 3931 In
363 3864 486 3931 fabrica
501 3852 629 3932 interna
646 3866 774 3933 eumad
789 3872 1029 3959 praecedentem
1044 3872 1180 3953 accedit,
1204 3872 1350 3965 primum
1364 3870 1508 3952 credidi,
1533 3894 1604 3935 eam
1619 3895 1695 3939 mo-

248 3969 294 4036 do
320 3960 389 4036 eds
411 3987 527 4036 statum
550 3976 618 4057 ejus
636 3971 831 4056 juvenilem,
865 3977 923 4043 sed
948 4003 1050 4069 qvam
1072 3975 1153 4046 locis
1174 3979 1307 4071 qvidem
1328 3977 1448 4044 dissitis
1472 4000 1544 4042 eam
1565 4000 1694 4069 semper

248 4074 388 4140 eandem
408 4100 533 4141 servare
555 4094 708 4141 staturam
730 4081 893 4168 pumilam
916 4082 994 4149 dein
1021 4085 1260 4168 observassem,
1299 4102 1336 4151 ut
1356 4083 1532 4176 propriam
1552 4085 1696 4176 speciem

247 4203 318 4244 eam
333 4203 526 4270 proponere
542 4204 610 4246 non
623 4178 779 4250 dubitavi.
861 4254 874 4264 ,

193 4392 249 4460 11.
304 4378 352 4448 V.
372 4374 571 4474 aporiata,
606 4381 672 4453 filis
696 4388 913 4478 coespitosis‚
946 4388 1122 4484 hyalinis,
1157 4387 1425 4473 minutissimis,
1439 4385 1694 4481 simplicibus,
1719 4400 1810 4472 Τὼ,
1829 4416 1888 4487 22,

115 4515 218 4605 apice
241 4514 385 4584 clavatis
411 4516 599 4612 fuscisqvc.

250 4643 348 4714 Byasus
367 4656 507 4716 aquatica
525 4648 563 4701 Fi.
586 4646 612 4702 d.
633 4648 703 4704 Tib.
724 4650 785 4720 896.

252 4745 445 4802 Fiuesttmmel
469 4751 570 4803 Miilier
589 4751 617 4804 in
637 4752 713 4809 Nos.
731 4755 788 4807 Act.
807 4754 891 4811 Hafa.
911 4774 962 4827 pro
981 4774 1054 4811 anno
1076 4753 1233 4826 1733.v0t
1257 4755 1306 4809 llI.
1326 4771 1352 4827 p·
1376 4764 1415 4819 ¹3·

111 4874 270 4945 Habitat
282 4880 327 4947 ad
342 4903 480 4951 muscas
497 4885 535 4953 in
549 4858 638 4978 aqva
652 4894 846 4976 emortuas,
863 4886 914 4956 M
912 4885 1016 4955 iiller.
1034 4924 1085 4939 —
1097 4883 1236 4957 ibidem
1253 4887 1301 4957 ad
1316 4884 1586 4979 Hofmansgave
1604 4885 1694 4954 Fio-

109 5013 184 5081 niae
198 5010 285 5103 legit
300 5012 504 5102 Hosmann
517 5017 642 5110 Bang.
669 5052 717 5069 -
739 5016 798 5091 Ad
814 5020 1086 5095 Gasterostenm
1102 5019 1305 5092 aculeatum
1325 5023 1366 5093 in
1388 5020 1473 5092 lacu
1502 5017 1691 5110 subalpino

111 5167 228 5238 prope
242 5146 327 5217 Naes
345 5139 499 5222 Oster'o'e
515 5150 653 5222 Faeroae
670 5165 877 5227 emortuum
893 5157 971 5247 ipse
990 5156 1073 5227 vidi.
