4728 6088
706 446 756 526 56
1095 432 1457 516 snorto‘rnnna.
1511 438 1768 517 APPENDIX.

667 678 674 685 ·
758 642 762 647 ⁴
789 650 957 714 Oceanum
968 648 1263 729 circumvagatione
1278 647 1428 711 ellectum
1446 670 1515 715 esse
1528 649 1732 733 colligimus,
1765 672 1901 742 eamqve
1926 650 1969 719 ol)
1990 655 2075 720 hane
2095 674 2125 722 et
2145 657 2217 724 alias

784 764 947 843 rationes,
973 779 1009 827 ut
1025 762 1251 844 adventitiam,
1278 787 1295 826 e
1312 761 1456 844 catalogo
1471 763 1823 856 Thalassiophytorum
1838 768 2070 852 indigenorum
2085 792 2151 836 esse
2163 797 2219 836 ex-

790 876 986 943 cludendam
997 881 1189 967 opinamur3
1215 900 1312 969 qvam
1337 876 1432 941 facile
1451 882 1550 942 etiam
1572 881 1644 945 fieri
1669 899 1816 970 poterat,
1841 901 1878 947 ut
1907 908 1947 949 ex
1972 889 2221 952 commutatione

787 994 929 1083 qvadsm
945 994 1079 1060 fortuita
1096 993 1341 1071 schedularum,
1368 1014 1447 1080 qvas
1468 996 1615 1059 Botanici
1640 995 1760 1083 plantis
1782 997 1916 1081 singulis
1942 999 2083 1084 adjicere
2107 1001 2221 1081 solent,

695 1174 701 1183 .
787 1130 884 1174 error
898 1109 1043 1198 pendere
1060 1110 1188 1200 possit?
1211 1107 1583 1194 Fttcasaoartilagineua
1600 1109 1711 1175 Gutta.
1728 1114 1762 1176 in
1780 1108 1831 1177 Fl.
1849 1137 1943 1181 norv.
1960 1117 2083 1180 interea
2097 1117 2170 1194 rite,
2187 1132 2223 1180 ut
2266 1136 2270 1143 ’

789 1225 921 1313 opinor,
943 1223 1175 1290 determinatus
1191 1240 1239 1288 est
1248 1251 1258 1304 3
1284 1226 1374 1305 eujus
1388 1222 1437 1284 rei
1450 1244 1546 1285 causa
1559 1222 1593 1286 in
1609 1247 1647 1289 eo
1666 1227 1734 1290 sine
1752 1227 1854 1294 dubio
1875 1229 2047 1316 qvaerenda
2060 1247 2118 1308 est,
2134 1230 2224 1317 qvod

789 1340 859 1430 ipse
881 1338 1060 1405 Gunnerua
1082 1338 1198 1405 multas
1224 1337 1382 1420 Algarum
1403 1360 1534 1403 suarum
1556 1335 1598 1401 ad
1618 1338 1818 1419 Ltnnaenm,
1857 1361 1894 1408 ut
1917 1345 2223 1423 determinarentur,

788 1454 917 1519 mittere
931 1455 1075 1538 solebat3
1100 1459 1208 1547 ipsum
1235 1453 1322 1517 enim
1344 1454 1422 1517 Rev.
1447 1453 1554 1517 virum
1574 1453 1609 1516 in
1633 1454 1724 1519 Fuco
1748 1456 1954 1539 cartilagineo
1976 1457 2226 1523 determinando

788 1568 866 1633 alias
887 1570 980 1635 facile
996 1594 1105 1635 errare
1128 1572 1290 1660 potuisse,
1314 1567 1392 1632 inde
1410 1585 1516 1657 patet,
1542 1565 1651 1658 qvod,
1676 1593 1752 1634 cum
1781 1571 1946 1635 Strdmius
1974 1573 2101 1637 Fucum
2123 1597 2229 1662 qvon-

790 1682 867 1749 dam
882 1686 945 1750 sibi
961 1688 1109 1768 ignotum
1124 1684 1166 1749 ad
1184 1684 1295 1749 littora
1311 1680 1496 1748 Sondmoer
1512 1685 1682 1748 inventum
1704 1685 1747 1748 ad
1767 1685 1987 1763 Cannarum,
2012 1704 2047 1750 ut
2069 1687 2230 1751 determi-

789 1818 943 1881 naretur,
974 1802 1132 1880 misisset,
1162 1799 1218 1864 hie
1243 1798 1429 1864 Strdmium
1449 1796 1566 1863 litteris
1593 1799 1766 1864 certiorem
1789 1799 1884 1877 fecit,
1917 1802 2011 1865 istam
2031 1801 2138 1884 algam
2160 1827 2229 1868 csse

790 1915 918 1981 Fucum
936 1917 1180 2000 cartilagineum
1200 1913 1374 1999 Lin.;·sed
1396 1915 1431 1977 in
1452 1913 1517 1979 hoc
1546 1938 1622 1979 casu
1642 1915 1694 1981 vir
1715 1915 1859 2005 optimus
1881 1918 2018 1995 erravit3
2040 1939 2117 1979 nam
2140 1922 2230 2000 juxta

788 2027 1040 2093 delineationem
1056 2046 1104 2095 est
1117 2030 1153 2093 F
1151 2049 1233 2089 neue
1242 2029 1431 2111 plumescas.
1458 2028 1534 2110 (cfr.
1548 2030 1623 2091 Act.
1641 2027 1738 2092 Hafn.
1753 2026 1829 2095 Vol.
1848 2042 1898 2100 10.
1923 2053 1958 2118 p.
1973 2037 2046 2101 256.
2064 2054 2142 2094 cum
2157 2034 2232 2097 ico·

787 2166 829 2206 ne
845 2142 929 2206 Tab.
947 2164 985 2229 g.
1001 2143 1073 2224 Fig.
1088 2141 1135 2225 7.)
1159 2175 1202 2189 -
1223 2139 1337 2207 Altera
1352 2162 1430 2205 vero
1444 2136 1532 2221 alga.
1558 2164 1575 2203 a
1591 2141 1669 2205 Rev.
1686 2142 1831 2205 Stro'mr‘o
1846 2147 1925 2228 (tam
1941 2142 2077 2208 sandm.
2094 2147 2177 2209 Fue.
2196 2173 2231 2212 n.

788 2268 820 2328 8.
837 2279 935 2347 qvam
949 2258 1029 2323 Fue.
1043 2281 1077 2321 n.
1089 2269 1121 2329 3.
1135 2258 1170 2320 in
1186 2259 1259 2322 Act.
1276 2255 1373 2321 Hafn.
1389 2252 1465 2322 Vol.
1483 2267 1532 2325 10.
1546 2278 1581 2345 p.
1598 2262 1670 2327 254.
1688 2256 1770 2319 Tab.
1779 2253 1817 2342 f.
1833 2258 1903 2339 Fig.
1918 2258 1965 2339 3.)
1990 2260 2125 2323 nomine
2140 2260 2235 2325 Fuci

792 2372 1010 2460 cartilaginei
1032 2373 1204 2454 insignita,
1235 2375 1323 2455 juxta
1349 2372 1476 2443 iconem
1489 2373 1618 2435 citatam
1634 2373 1703 2435 sine
1725 2370 1826 2437 dubio
1851 2389 1898 2435 est
1919 2372 2034 2436 Fiscus
2058 2374 2234 2440 dentatus.

794 2490 903 2577 Qvam
923 2512 1001 2554 vero
1025 2487 1174 2577 plantam
1193 2488 1252 2551 suh
1276 2487 1409 2551 nomine
1435 2488 1523 2550 Fnci
1546 2488 1762 2575 cartilaginei
1785 2487 1924 2551 afferunt
1945 2486 2073 2570 Ko'nig,
2109 2491 2235 2573 Zoega,

790 2604 909 2683 Mohr,
942 2598 1092 2682 Hooker‚
1122 2602 1247 2681 hands,
1273 2626 1309 2665 ca
1324 2626 1429 2691 neqve
1444 2600 1540 2685 hujus
1556 2599 1621 2667 loci
1645 2624 1712 2665 esse
1733 2602 1882 2675 videtur,
1907 2602 1964 2667 sed
1987 2605 2097 2691 potius
2123 2604 2169 2669 ad
2193 2606 2239 2671 F.

793 2720 983 2783 coccineum
999 2721 1040 2783 Τ.
1054 2719 1220 2810 'pertinere
1236 2716 1397 2782 censenda
1413 2734 1460 2780 eat
1466 2744 1477 2797 3
1502 2741 1540 2780 ex
1555 2718 1740 2782 auctoribus
1754 2714 1891 2780 laudatis
1912 2716 2010 2795 alius,
2035 2735 2072 2781 ut
2084 2719 2237 2796 videtur,

790 2832 893 2898 alium
907 2834 1096 2924 exscripsit3
1120 2833 1290 2919 Ko'nigitta
1305 2832 1403 2913 igitur
1418 2847 1466 2895 est
1480 2831 1531 2896 vir
1545 2833 1716 2921 princeps,
1736 2833 1828 2913 eujus
1843 2833 1993 2920 auspiciis
2007 2836 2120 2914 ceteri,
2138 2836 2240 2900 Tha·
2258 2924 2265 2931 ⁷

791 2948 991 3039 lassiophyta
1008 2966 1084 3014 tunc
1101 2948 1258 3038 temporis
1274 2945 1420 3029 neglecta
1435 2948 1541 3013 minus
1568 2961 1736 3022 curantes,
1761 2947 1930 3022 nituntur,
1957 2962 1988 3008 et
2011 2948 2124 3013 verbis
2150 2974 2241 3015 con·

794 3064 921 3145 fidunt,
941 3062 1059 3154 qvodsi
1074 3062 1173 3145 igitur
1189 3065 1258 3145 ejus
1270 3061 1463 3126 herbarium
1478 3066 1544 3146 jam
1557 3076 1743 3150 supererat,
1769 3061 1803 3122 in
1817 3054 1978 3148 liqvidum
1992 3083 2045 3125 res
2070 3064 2147 3127 sine
2172 3064 2242 3129 du-

787 3179 849 3244 'bio
866 3177 959 3244 facile
973 3177 1111 3266 perduci
1124 3192 1268 3267 poterat,
1292 3177 1351 3242 sed
1367 3176 1449 3242 illud
1465 3178 1653 3241 herbarium
1667 3172 1859 3258 jamdudum
1881 3176 1990 3263 periit.
2016 3209 2056 3223 ·-
2078 3168 2246 3270 Deniqvc

794 3293 885 3382 qvod
905 3295 991 3358 sicco
1013 3292 1114 3383 pede,
1138 3309 1174 3357 ut
1197 3290 1328 3372 dicunt,
1351 3291 1513 3358 hocloco
1532 3316 1601 3357 non
1624 3292 1757 3357 omnino
1781 3305 1829 3353 est
1849 3288 2138 3378 pratereundum,
2167 3295 2246 3359 Cel.

719 3428 723 3439 ·
792 3409 1057 3477 Schumocltertts
1078 3410 1114 3469 in
1128 3408 1246 3471 Enum.
1272 3422 1382 3485 sna2‚
1412 3434 1447 3498 p.
1471 3420 1541 3479 112.
1565 3406 1727 3497 plantam,
1750 3405 1943 3469 Ceremiam
1963 3405 2248 3493 cartilaginem

795 3522 934 3592 dictam,
963 3518 1079 3599 affert,
1101 3541 1235 3607 eamqve
1253 3518 1295 3582 ad
1311 3521 1497 3600 Amagriam
1512 3523 1652 3587 inveniri
1664 3520 1826 3607 perhibet.
1870 3518 2066 3607 Exemplar,
2094 3522 2197 3608 qvod
2213 3525 2252 3588 in

794 3638 896 3703 Herh.
914 3634 1156 3699 Schamacheri
1171 3652 1363 3712 asservatur,
1388 3657 1501 3700 revera
1518 3650 1565 3698 est
1578 3633 1621 3697 F.
1637 3633 1879 3720 cartilaginem
1894 3635 1955 3710 T.;
1976 3655 2057 3721 pace
2074 3658 2163 3702 vero
2181 3663 2252 3729 op·

662 3774 667 3785 ·
690 3784 694 3793 »
796 3751 866 3812 timi
881 3751 942 3814 viri
956 3747 1134 3812 dicendum
1151 3765 1215 3825 est,
1242 3764 1363 3813 tantam
1379 3752 1464 3812 inter
1484 3749 1548 3812 hoc
1565 3766 1597 3812 et
1613 3746 1808 3835 exemplaria
1831 3747 1987 3833 Capaneia
2008 3748 2179 3817 interesse
2201 3757 2253 3820 si-

797 3860 1032 3935 militudinem,
1057 3862 1137 3947 qvin
1152 3863 1248 3921 etiam
1263 3858 1372 3946 qvoad
1386 3877 1549 3923 crustacea
1562 3860 1593 3919 ei
1602 3859 1794 3933 insidentia,
1818 3876 1856 3920 ut
1865 3858 1983 3945 potius
1996 3860 2252 3937 Promontorio

798 3978 831 4040 b.
850 3992 900 4060 sp.
915 3992 1012 4058 qvam
1026 3990 1091 4033 01·ae
1107 3968 1279 4034 Sellanditc
1296 3972 1379 4033 hanc
1396 3968 1500 4051 algam
1520 3984 1629 4032 ortum
1650 3992 1745 4033 snum
1768 3968 1888 4035 debere
1911 3974 2160 4059 existimemus3
2188 3986 2257 4051 sed

797 4086 873 4150 ideo
892 4108 960 4149 non
975 4104 1148 4166 negamus,
1171 4106 1241 4146 eam
1255 4082 1329 4150 loco
1346 4082 1488 4149 indicato
1503 4084 1601 4148 fuisse
1616 4085 1797 4165 inventam3
1818 4087 1953 4153 navibus
1968 4087 2074 4163 enim,
2104 4114 2187 4179 qvae
2209 4123 2255 4166 ex

799 4200 892 4269 India
908 4197 1100 4266 occidentali
1111 4198 1178 4262 huc
1193 4196 1310 4265 crebro
1325 4197 1519 4280 adveniunt,
1543 4199 1578 4265 F
1576 4222 1659 4265 nens
1672 4214 1809 4276 amam,
1834 4196 2022 4283 bacciferua
2037 4198 2173 4294 aliique
2191 4213 2255 4278 in.

800 4318 929 4385 tardum
945 4313 1133 4398 agglutinati
1148 4312 1306 4394 insident3
1330 4311 1386 4377 tali
1402 4315 1500 4396 igitur
1513 4318 1641 4384 ratione
1656 4318 1788 4399 ,Fucum
1808 4310 1901 4377 illum
1919 4310 2182 4397 cartilaginem
2208 4329 2257 4398 ad

692 4464 696 4471 ·
802 4431 912 4503 littora
927 4448 1040 4496 nostra
1056 4429 1201 4498 delatum
1214 4428 1312 4495 fuisse
1330 4430 1512 4518 opinamur.
1596 4464 1599 4471 ¹
1787 4408 1791 4411 Δ

669 4615 703 4679 6.
751 4605 793 4670 F.
812 4600 978 4681 claootns,
1003 4597 1142 4682 Koenig.
1169 4678 1209 4709 Ι.

721 4700 727 4708 ·
802 4730 982 4816 Habitatin
995 4748 1079 4813 mari
1094 4744 1267 4851 islandiae.
1319 4748 1457 4832 naenig,
1476 4749 1590 4833 zoega,
1603 4747 1714 4827 Mohr,
1731 4746 1878 4815 Hoolten

755 4899 798 4967 F.
814 4899 982 4978 clavatus,
1006 4897 1225 4975 dichotomus,
1248 4914 1341 4976 teres,
1363 4898 1615 4997 extremitatibus
1630 4898 1772 4979 clavatis,
1797 4898 1889 4989 apice
1903 4902 2076 4969 excavatis.
2130 4906 2261 4977 Oeder

679 5042 687 5053 ·
717 5076 722 5085 .
770 5032 773 5041 ·
805 5014 927 5085 Eoum.
942 5039 976 5082 n.
992 5023 1063 5090 173·
1078 5048 1120 5067 -
1134 5011 1503 5098 lllinimuslongitudine
1514 5011 1658 5105 pollicis.
1701 5012 1833 5098 Kocnig
1852 5013 1920 5082 lc.
