<?xml version="1.0" encoding="UTF-8"?>
<!DOCTYPE html PUBLIC "-//W3C//DTD XHTML 1.0 Transitional//EN"
    "http://www.w3.org/TR/xhtml1/DTD/xhtml1-transitional.dtd">
<html xmlns="http://www.w3.org/1999/xhtml" xml:lang="en" lang="en">
 <head>
  <title>
</title>
<meta http-equiv="Content-Type" content="text/html;charset=utf-8" />
  <meta name='ocr-system' content='tesseract 3.04.00' />
  <meta name='ocr-capabilities' content='ocr_page ocr_carea ocr_par ocr_line ocrx_word'/>
</head>
<body>
  <div class='ocr_page' id='page_1' title='image "./tentamenhydroph00lynggoog_0106.png"; bbox 0 0 4728 6088; ppageno 0'>
   <div class='ocr_carea' id='block_1_1' title="bbox 382 352 1692 504">
    <p class='ocr_par' dir='ltr' id='par_1_1' title="bbox 382 352 1692 504">
     <span class='ocr_line' id='line_1_1' title="bbox 382 352 1692 504; baseline 0.011 -24"><span class='ocrx_word' id='word_1_1' title='bbox 382 477 388 489; x_wconf 21' lang='grc' dir='ltr'><em>Ι</em></span> <span class='ocrx_word' id='word_1_2' title='bbox 506 413 678 491; x_wconf 79' lang='lat' dir='ltr'><strong>suono</strong></span> <span class='ocrx_word' id='word_1_3' title='bbox 702 408 938 485; x_wconf 74' lang='lat' dir='ltr'><strong>saeuum:</strong></span> <span class='ocrx_word' id='word_1_4' title='bbox 994 352 1343 489; x_wconf 72' lang='lat' dir='ltr'><strong>sorrosunott.</strong></span> <span class='ocrx_word' id='word_1_5' title='bbox 1404 444 1409 453; x_wconf 94' lang='lat'><strong>·</strong></span> <span class='ocrx_word' id='word_1_6' title='bbox 1606 404 1692 504; x_wconf 47' lang='grc' dir='ltr'><strong>σε</strong></span> 
     </span>
    </p>
   </div>
   <div class='ocr_carea' id='block_1_2' title="bbox 232 617 1383 894">
    <p class='ocr_par' dir='ltr' id='par_1_2' title="bbox 232 617 1383 894">
     <span class='ocr_line' id='line_1_2' title="bbox 273 617 854 690; baseline 0 -18"><span class='ocrx_word' id='word_1_7' title='bbox 273 620 354 673; x_wconf 71' lang='lat' dir='ltr'><strong>Ulca</strong></span> <span class='ocrx_word' id='word_1_8' title='bbox 368 617 509 690; x_wconf 83' lang='lat' dir='ltr'><strong>proitsera</strong></span> <span class='ocrx_word' id='word_1_9' title='bbox 528 620 563 674; x_wconf 78' lang='grc' dir='ltr'><strong>Π.</strong></span> <span class='ocrx_word' id='word_1_10' title='bbox 585 619 612 675; x_wconf 87' lang='lat' dir='ltr'><strong>d.</strong></span> <span class='ocrx_word' id='word_1_11' title='bbox 632 621 666 673; x_wconf 91' lang='lat' dir='ltr'><strong>T.</strong></span> <span class='ocrx_word' id='word_1_12' title='bbox 687 626 745 685; x_wconf 77' lang='lat'><strong>763.</strong></span> <span class='ocrx_word' id='word_1_13' title='bbox 766 617 809 689; x_wconf 85' lang='lat' dir='ltr'><strong>lig.</strong></span> <span class='ocrx_word' id='word_1_14' title='bbox 831 637 854 672; x_wconf 87' lang='lat'><strong>1.</strong></span> 
     </span>
     <span class='ocr_line' id='line_1_3' title="bbox 272 720 1025 792; baseline 0.001 -19"><span class='ocrx_word' id='word_1_15' title='bbox 272 720 420 790; x_wconf 75' lang='lat' dir='ltr'><strong>conserva</strong></span> <span class='ocrx_word' id='word_1_16' title='bbox 439 721 588 779; x_wconf 68' lang='lat' dir='ltr'><strong>criniculi.</strong></span> <span class='ocrx_word' id='word_1_17' title='bbox 616 720 698 774; x_wconf 86' lang='lat' dir='ltr'><strong>Roth.</strong></span> <span class='ocrx_word' id='word_1_18' title='bbox 721 721 781 776; x_wconf 85' lang='lat' dir='ltr'><strong>Cat.</strong></span> <span class='ocrx_word' id='word_1_19' title='bbox 800 720 856 774; x_wconf 88' lang='lat' dir='ltr'><strong>bot.</strong></span> <span class='ocrx_word' id='word_1_20' title='bbox 875 738 900 779; x_wconf 78' lang='lat' dir='ltr'><strong>a,</strong></span> <span class='ocrx_word' id='word_1_21' title='bbox 920 739 947 792; x_wconf 89' lang='lat' dir='ltr'><strong>p.</strong></span> <span class='ocrx_word' id='word_1_22' title='bbox 970 738 1025 790; x_wconf 79' lang='lat'><strong>¹90·</strong></span> 
     </span>
     <span class='ocr_line' id='line_1_4' title="bbox 232 808 1383 894; baseline 0.006 -23"><span class='ocrx_word' id='word_1_23' title='bbox 232 858 239 865; x_wconf 82' lang='grc'><strong>.</strong></span> <span class='ocrx_word' id='word_1_24' title='bbox 328 848 378 881; x_wconf 84' lang='grc' dir='ltr'><strong>--Ι</strong></span> <span class='ocrx_word' id='word_1_25' title='bbox 433 821 573 890; x_wconf 70' lang='lat' dir='ltr'><strong>flexuosa</strong></span> <span class='ocrx_word' id='word_1_26' title='bbox 589 822 674 875; x_wconf 84' lang='lat' dir='ltr'><strong>Roth.</strong></span> <span class='ocrx_word' id='word_1_27' title='bbox 694 821 754 875; x_wconf 87' lang='lat' dir='ltr'><strong>Cat.</strong></span> <span class='ocrx_word' id='word_1_28' title='bbox 774 820 829 875; x_wconf 76' lang='lat' dir='ltr'><strong>boc</strong></span> <span class='ocrx_word' id='word_1_29' title='bbox 852 808 877 883; x_wconf 67' lang='lat' dir='ltr'><strong>a}</strong></span> <span class='ocrx_word' id='word_1_30' title='bbox 898 840 929 892; x_wconf 91' lang='lat' dir='ltr'><strong>p.</strong></span> <span class='ocrx_word' id='word_1_31' title='bbox 954 833 1009 886; x_wconf 74' lang='lat'><strong>188.</strong></span> <span class='ocrx_word' id='word_1_32' title='bbox 1029 849 1065 863; x_wconf 93' lang='lat'>-</span> <span class='ocrx_word' id='word_1_33' title='bbox 1080 820 1169 874; x_wconf 84' lang='lat' dir='ltr'><strong>Wolf.</strong></span> <span class='ocrx_word' id='word_1_34' title='bbox 1190 839 1275 894; x_wconf 82' lang='lat' dir='ltr'><strong>crypt.</strong></span> <span class='ocrx_word' id='word_1_35' title='bbox 1294 841 1321 879; x_wconf 86' lang='lat' dir='ltr'><strong>n.</strong></span> <span class='ocrx_word' id='word_1_36' title='bbox 1345 837 1383 890; x_wconf 79' lang='lat'><strong>13.</strong></span> 
     </span>
    </p>
   </div>
   <div class='ocr_carea' id='block_1_3' title="bbox 179 924 1896 1068">
    <p class='ocr_par' dir='ltr' id='par_1_3' title="bbox 179 924 1896 1068">
     <span class='ocr_line' id='line_1_5' title="bbox 179 924 1896 1068; baseline 0.008 -38"><span class='ocrx_word' id='word_1_37' title='bbox 179 959 229 1057; x_wconf 77' lang='lat' dir='ltr'><strong>y)</strong></span> <span class='ocrx_word' id='word_1_38' title='bbox 254 959 551 1051; x_wconf 63' lang='lat' dir='ltr'><strong>conferendam,</strong></span> <span class='ocrx_word' id='word_1_39' title='bbox 569 924 706 1032; x_wconf 78' lang='lat' dir='ltr'><strong>¹fronde</strong></span> <span class='ocrx_word' id='word_1_40' title='bbox 724 971 849 1050; x_wconf 89' lang='lat' dir='ltr'><strong>terete,</strong></span> <span class='ocrx_word' id='word_1_41' title='bbox 872 962 1051 1047; x_wconf 88' lang='lat' dir='ltr'><strong>tubulosa,</strong></span> <span class='ocrx_word' id='word_1_42' title='bbox 1066 961 1296 1054; x_wconf 85' lang='lat' dir='ltr'><strong>subsimplici,</strong></span> <span class='ocrx_word' id='word_1_43' title='bbox 1311 964 1479 1060; x_wconf 85' lang='lat' dir='ltr'><strong>capillari,</strong></span> <span class='ocrx_word' id='word_1_44' title='bbox 1507 972 1703 1067; x_wconf 56' lang='lat' dir='ltr'><strong>meelate,</strong></span> <span class='ocrx_word' id='word_1_45' title='bbox 1726 980 1819 1053; x_wconf 62' lang='lat' dir='ltr'><strong>Tib,</strong></span> <span class='ocrx_word' id='word_1_46' title='bbox 1849 992 1896 1068; x_wconf 77' lang='lat'><strong>15</strong></span> 
     </span>
    </p>
   </div>
   <div class='ocr_carea' id='block_1_4' title="bbox 235 1082 1876 1295">
    <p class='ocr_par' dir='ltr' id='par_1_4' title="bbox 235 1082 1876 1295">
     <span class='ocr_line' id='line_1_6' title="bbox 235 1082 1876 1189; baseline -0.007 -25"><span class='ocrx_word' id='word_1_47' title='bbox 235 1095 407 1189; x_wconf 83' lang='lat' dir='ltr'>geniculis</span> <span class='ocrx_word' id='word_1_48' title='bbox 423 1095 638 1168; x_wconf 75' lang='lat' dir='ltr'>Conservam</span> <span class='ocrx_word' id='word_1_49' title='bbox 659 1094 925 1165; x_wconf 80' lang='lat' dir='ltr'><strong>mentientibus.</strong></span> <span class='ocrx_word' id='word_1_50' title='bbox 1743 1082 1784 1150; x_wconf 92' lang='grc' dir='ltr'><strong>Β.</strong></span> <span class='ocrx_word' id='word_1_51' title='bbox 1795 1089 1876 1167; x_wconf 83' lang='grc'><strong>4-6.</strong></span> 
     </span>
     <span class='ocr_line' id='line_1_7' title="bbox 266 1222 1612 1295; baseline -0.006 -17"><span class='ocrx_word' id='word_1_52' title='bbox 266 1222 413 1295; x_wconf 74' lang='lat' dir='ltr'><strong>Conferre</strong></span> <span class='ocrx_word' id='word_1_53' title='bbox 432 1242 570 1293; x_wconf 77' lang='lat' dir='ltr'><strong>percursa</strong></span> <span class='ocrx_word' id='word_1_54' title='bbox 587 1226 635 1294; x_wconf 78' lang='lat' dir='ltr'><strong>Ag.</strong></span> <span class='ocrx_word' id='word_1_55' title='bbox 654 1225 717 1293; x_wconf 80' lang='lat' dir='ltr'><strong>Syn.</strong></span> <span class='ocrx_word' id='word_1_56' title='bbox 736 1243 763 1295; x_wconf 89' lang='lat' dir='ltr'><strong>p.</strong></span> <span class='ocrx_word' id='word_1_57' title='bbox 782 1234 824 1293; x_wconf 73' lang='lat'><strong>87.</strong></span> <span class='ocrx_word' id='word_1_58' title='bbox 1608 1235 1612 1241; x_wconf 92' lang='lat'><em>·</em></span> 
     </span>
    </p>
   </div>
   <div class='ocr_carea' id='block_1_5' title="bbox 63 1354 1701 2129">
    <p class='ocr_par' dir='ltr' id='par_1_5' title="bbox 127 1354 1699 1468">
     <span class='ocr_line' id='line_1_8' title="bbox 127 1354 1699 1468; baseline 0.006 -34"><span class='ocrx_word' id='word_1_59' title='bbox 127 1364 285 1435; x_wconf 81' lang='lat' dir='ltr'><strong>Habitat</strong></span> <span class='ocrx_word' id='word_1_60' title='bbox 306 1390 340 1436; x_wconf 80' lang='lat' dir='ltr'><strong>a.</strong></span> <span class='ocrx_word' id='word_1_61' title='bbox 357 1368 403 1434; x_wconf 86' lang='lat' dir='ltr'><strong>ad</strong></span> <span class='ocrx_word' id='word_1_62' title='bbox 417 1364 539 1434; x_wconf 81' lang='lat' dir='ltr'><strong>littora</strong></span> <span class='ocrx_word' id='word_1_63' title='bbox 563 1365 692 1434; x_wconf 87' lang='lat' dir='ltr'><strong>Danise</strong></span> <span class='ocrx_word' id='word_1_64' title='bbox 712 1388 812 1455; x_wconf 83' lang='lat' dir='ltr'><strong>raro;</strong></span> <span class='ocrx_word' id='word_1_65' title='bbox 838 1366 884 1433; x_wconf 88' lang='lat' dir='ltr'><strong>ad</strong></span> <span class='ocrx_word' id='word_1_66' title='bbox 905 1364 1027 1434; x_wconf 80' lang='lat' dir='ltr'><strong>littora</strong></span> <span class='ocrx_word' id='word_1_67' title='bbox 1053 1366 1265 1436; x_wconf 84' lang='lat' dir='ltr'><strong>Faeroenaia.</strong></span> <span class='ocrx_word' id='word_1_68' title='bbox 1289 1402 1336 1420; x_wconf 92' lang='lat'>-</span> <span class='ocrx_word' id='word_1_69' title='bbox 1362 1366 1402 1456; x_wconf 75' lang='grc' dir='ltr'><strong>β.</strong></span> <span class='ocrx_word' id='word_1_70' title='bbox 1423 1374 1461 1441; x_wconf 89' lang='lat' dir='ltr'><strong>in</strong></span> <span class='ocrx_word' id='word_1_71' title='bbox 1482 1372 1586 1443; x_wconf 81' lang='lat' dir='ltr'><strong>fossis</strong></span> <span class='ocrx_word' id='word_1_72' title='bbox 1611 1354 1699 1468; x_wconf 69' lang='lat' dir='ltr'><strong>aqva</strong></span> 
     </span>
    </p>

    <p class='ocr_par' dir='ltr' id='par_1_6' title="bbox 63 1484 1701 2129">
     <span class='ocr_line' id='line_1_9' title="bbox 63 1484 1701 1589; baseline 0.004 -21"><span class='ocrx_word' id='word_1_73' title='bbox 63 1484 66 1497; x_wconf 56' lang='lat'><strong>¹</strong></span> <span class='ocrx_word' id='word_1_74' title='bbox 128 1498 230 1568; x_wconf 88' lang='lat' dir='ltr'><strong>dulci</strong></span> <span class='ocrx_word' id='word_1_75' title='bbox 246 1496 389 1587; x_wconf 81' lang='lat' dir='ltr'><strong>repletis</strong></span> <span class='ocrx_word' id='word_1_76' title='bbox 406 1521 520 1589; x_wconf 89' lang='lat' dir='ltr'>prope</span> <span class='ocrx_word' id='word_1_77' title='bbox 535 1498 772 1568; x_wconf 85' lang='lat' dir='ltr'><strong>Nebbelunde</strong></span> <span class='ocrx_word' id='word_1_78' title='bbox 786 1496 984 1567; x_wconf 85' lang='lat' dir='ltr'><strong>Lollandiae</strong></span> <span class='ocrx_word' id='word_1_79' title='bbox 1001 1502 1153 1588; x_wconf 79' lang='lat' dir='ltr'><strong>copiose,</strong></span> <span class='ocrx_word' id='word_1_80' title='bbox 1170 1498 1321 1568; x_wconf 85' lang='lat' dir='ltr'><strong>Miiller.</strong></span> <span class='ocrx_word' id='word_1_81' title='bbox 1350 1503 1408 1573; x_wconf 91' lang='lat' dir='ltr'><strong>Ad</strong></span> <span class='ocrx_word' id='word_1_82' title='bbox 1421 1505 1544 1574; x_wconf 89' lang='lat' dir='ltr'><strong>littora</strong></span> <span class='ocrx_word' id='word_1_83' title='bbox 1553 1505 1701 1577; x_wconf 89' lang='lat' dir='ltr'><strong>Groen-</strong></span> 
     </span>
     <span class='ocr_line' id='line_1_10' title="bbox 128 1628 1699 1721; baseline 0.008 -23"><span class='ocrx_word' id='word_1_84' title='bbox 128 1630 267 1702; x_wconf 82' lang='lat' dir='ltr'><strong>landiae</strong></span> <span class='ocrx_word' id='word_1_85' title='bbox 291 1634 448 1721; x_wconf 86' lang='lat' dir='ltr'>copiose,</span> <span class='ocrx_word' id='word_1_86' title='bbox 473 1631 586 1700; x_wconf 89' lang='lat' dir='ltr'><strong>Herb.</strong></span> <span class='ocrx_word' id='word_1_87' title='bbox 614 1634 655 1701; x_wconf 86' lang='lat' dir='ltr'><strong>O.</strong></span> <span class='ocrx_word' id='word_1_88' title='bbox 674 1628 858 1712; x_wconf 76' lang='lat' dir='ltr'><em>Fabricii,</em></span> <span class='ocrx_word' id='word_1_89' title='bbox 889 1630 950 1699; x_wconf 85' lang='lat' dir='ltr'><em>W</em></span> <span class='ocrx_word' id='word_1_90' title='bbox 943 1630 1169 1698; x_wconf 82' lang='lat' dir='ltr'><strong>orntskioldii</strong></span> <span class='ocrx_word' id='word_1_91' title='bbox 1175 1681 1188 1712; x_wconf 91' lang='lat'><strong>,</strong></span> <span class='ocrx_word' id='word_1_92' title='bbox 1215 1633 1382 1701; x_wconf 83' lang='lat' dir='ltr'><strong>Giesekii.</strong></span> <span class='ocrx_word' id='word_1_93' title='bbox 1433 1636 1551 1706; x_wconf 86' lang='lat' dir='ltr'><strong>Etiam</strong></span> <span class='ocrx_word' id='word_1_94' title='bbox 1580 1642 1618 1708; x_wconf 92' lang='lat' dir='ltr'><strong>in</strong></span> <span class='ocrx_word' id='word_1_95' title='bbox 1644 1643 1699 1709; x_wconf 89' lang='lat' dir='ltr'><strong>ri·</strong></span> 
     </span>
     <span class='ocr_line' id='line_1_11' title="bbox 129 1760 1698 1852; baseline 0.005 -19"><span class='ocrx_word' id='word_1_96' title='bbox 129 1761 221 1833; x_wconf 77' lang='lat' dir='ltr'><strong>vulo</strong></span> <span class='ocrx_word' id='word_1_97' title='bbox 236 1761 423 1851; x_wconf 88' lang='lat' dir='ltr'><strong>subalpino</strong></span> <span class='ocrx_word' id='word_1_98' title='bbox 436 1766 530 1832; x_wconf 90' lang='lat' dir='ltr'><strong>inter</strong></span> <span class='ocrx_word' id='word_1_99' title='bbox 550 1760 764 1832; x_wconf 89' lang='lat' dir='ltr'><strong>Welbestad</strong></span> <span class='ocrx_word' id='word_1_100' title='bbox 785 1773 822 1830; x_wconf 91' lang='lat' dir='ltr'><strong>et</strong></span> <span class='ocrx_word' id='word_1_101' title='bbox 840 1760 1025 1831; x_wconf 82' lang='lat' dir='ltr'><strong>Kirkebiie</strong></span> <span class='ocrx_word' id='word_1_102' title='bbox 1046 1763 1200 1852; x_wconf 80' lang='lat' dir='ltr'><strong>Faeroae5</strong></span> <span class='ocrx_word' id='word_1_103' title='bbox 1227 1775 1264 1831; x_wconf 90' lang='lat' dir='ltr'><strong>et</strong></span> <span class='ocrx_word' id='word_1_104' title='bbox 1285 1768 1330 1835; x_wconf 89' lang='lat' dir='ltr'><strong>ad</strong></span> <span class='ocrx_word' id='word_1_105' title='bbox 1349 1767 1472 1836; x_wconf 83' lang='lat' dir='ltr'><strong>littora</strong></span> <span class='ocrx_word' id='word_1_106' title='bbox 1494 1769 1526 1836; x_wconf 92' lang='lat' dir='ltr'><strong>F</strong></span> <span class='ocrx_word' id='word_1_107' title='bbox 1526 1775 1698 1842; x_wconf 83' lang='lat' dir='ltr'><strong>aeroensia</strong></span> 
     </span>
     <span class='ocr_line' id='line_1_12' title="bbox 129 1868 1699 1990; baseline 0.004 -27"><span class='ocrx_word' id='word_1_108' title='bbox 129 1868 385 1986; x_wconf 84' lang='lat' dir='ltr'><strong>copiosissime.</strong></span> <span class='ocrx_word' id='word_1_109' title='bbox 406 1930 454 1947; x_wconf 91' lang='lat'><em>-</em></span> <span class='ocrx_word' id='word_1_110' title='bbox 475 1922 511 1987; x_wconf 79' lang='lat' dir='ltr'><strong>y.</strong></span> <span class='ocrx_word' id='word_1_111' title='bbox 528 1899 567 1966; x_wconf 90' lang='lat' dir='ltr'><strong>in</strong></span> <span class='ocrx_word' id='word_1_112' title='bbox 578 1894 682 1965; x_wconf 87' lang='lat' dir='ltr'><strong>fossis</strong></span> <span class='ocrx_word' id='word_1_113' title='bbox 696 1919 786 1989; x_wconf 85' lang='lat' dir='ltr'><strong>aqva</strong></span> <span class='ocrx_word' id='word_1_114' title='bbox 797 1897 1005 1967; x_wconf 82' lang='lat' dir='ltr'><strong>submarina</strong></span> <span class='ocrx_word' id='word_1_115' title='bbox 1015 1905 1203 1988; x_wconf 82' lang='lat' dir='ltr'><strong>stagnante</strong></span> <span class='ocrx_word' id='word_1_116' title='bbox 1214 1898 1360 1988; x_wconf 87' lang='lat' dir='ltr'><strong>repletis</strong></span> <span class='ocrx_word' id='word_1_117' title='bbox 1373 1922 1485 1990; x_wconf 91' lang='lat' dir='ltr'><strong>prope</strong></span> <span class='ocrx_word' id='word_1_118' title='bbox 1498 1898 1699 1972; x_wconf 84' lang='lat' dir='ltr'><strong>Hofmans·</strong></span> 
     </span>
     <span class='ocr_line' id='line_1_13' title="bbox 130 2027 885 2129; baseline 0.005 -34"><span class='ocrx_word' id='word_1_119' title='bbox 130 2051 228 2120; x_wconf 76' lang='lat' dir='ltr'><strong>gave</strong></span> <span class='ocrx_word' id='word_1_120' title='bbox 242 2027 394 2117; x_wconf 85' lang='lat' dir='ltr'><strong>Fioniae,</strong></span> <span class='ocrx_word' id='word_1_121' title='bbox 424 2028 575 2122; x_wconf 83' lang='lat' dir='ltr'><strong>alibiqve</strong></span> <span class='ocrx_word' id='word_1_122' title='bbox 602 2039 658 2097; x_wconf 91' lang='lat' dir='ltr'><strong>sat</strong></span> <span class='ocrx_word' id='word_1_123' title='bbox 676 2027 853 2122; x_wconf 79' lang='lat' dir='ltr'><strong>freqvens.</strong></span> <span class='ocrx_word' id='word_1_124' title='bbox 883 2120 885 2129; x_wconf 61' lang='lat'><strong>.</strong></span> 
     </span>
    </p>
   </div>
   <div class='ocr_carea' id='block_1_6' title="bbox 178 2187 1731 3115">
    <p class='ocr_par' dir='ltr' id='par_1_7' title="bbox 178 2187 1731 3115">
     <span class='ocr_line' id='line_1_14' title="bbox 178 2187 1695 2285; baseline 0.007 -33"><span class='ocrx_word' id='word_1_125' title='bbox 178 2189 301 2256; x_wconf 86' lang='lat' dir='ltr'><strong>DESC.</strong></span> <span class='ocrx_word' id='word_1_126' title='bbox 346 2190 450 2285; x_wconf 76' lang='lat' dir='ltr'><strong>Radix</strong></span> <span class='ocrx_word' id='word_1_127' title='bbox 462 2215 573 2280; x_wconf 88' lang='lat' dir='ltr'><strong>parva,</strong></span> <span class='ocrx_word' id='word_1_128' title='bbox 597 2207 729 2257; x_wconf 82' lang='lat' dir='ltr'><strong>scutata.</strong></span> <span class='ocrx_word' id='word_1_129' title='bbox 772 2190 922 2257; x_wconf 82' lang='lat' dir='ltr'><strong>Frondes</strong></span> <span class='ocrx_word' id='word_1_130' title='bbox 945 2187 1192 2280; x_wconf 79' lang='lat' dir='ltr'><strong>polymorphae&#39;3</strong></span> <span class='ocrx_word' id='word_1_131' title='bbox 1216 2189 1251 2253; x_wconf 92' lang='lat' dir='ltr'><strong>in</strong></span> <span class='ocrx_word' id='word_1_132' title='bbox 1271 2204 1356 2253; x_wconf 89' lang='lat' dir='ltr'><strong>statu</strong></span> <span class='ocrx_word' id='word_1_133' title='bbox 1371 2190 1494 2273; x_wconf 90' lang='lat' dir='ltr'><strong>juniori</strong></span> <span class='ocrx_word' id='word_1_134' title='bbox 1516 2190 1695 2275; x_wconf 86' lang='lat' dir='ltr'><strong>fllisormes,</strong></span> 
     </span>
     <span class='ocr_line' id='line_1_15' title="bbox 266 2290 1694 2385; baseline 0.004 -28"><span class='ocrx_word' id='word_1_135' title='bbox 266 2294 448 2358; x_wconf 87' lang='lat' dir='ltr'><strong>tenuissime</strong></span> <span class='ocrx_word' id='word_1_136' title='bbox 455 2341 464 2373; x_wconf 93' lang='lat'><strong>,</strong></span> <span class='ocrx_word' id='word_1_137' title='bbox 494 2295 734 2385; x_wconf 89' lang='lat' dir='ltr'><strong>subsimpliccs,</strong></span> <span class='ocrx_word' id='word_1_138' title='bbox 760 2294 922 2376; x_wconf 82' lang='lat' dir='ltr'><strong>flaccidae3</strong></span> <span class='ocrx_word' id='word_1_139' title='bbox 948 2311 1107 2384; x_wconf 76' lang='lat' dir='ltr'><strong>praterea</strong></span> <span class='ocrx_word' id='word_1_140' title='bbox 1139 2292 1291 2357; x_wconf 79' lang='lat' dir='ltr'><strong>solitariae</strong></span> <span class='ocrx_word' id='word_1_141' title='bbox 1316 2290 1368 2357; x_wconf 90' lang='lat' dir='ltr'><strong>vel</strong></span> <span class='ocrx_word' id='word_1_142' title='bbox 1395 2292 1510 2383; x_wconf 84' lang='lat' dir='ltr'><strong>saepius</strong></span> <span class='ocrx_word' id='word_1_143' title='bbox 1532 2300 1694 2381; x_wconf 77' lang='lat' dir='ltr'><strong>gregoriae,</strong></span> 
     </span>
     <span class='ocr_line' id='line_1_16' title="bbox 261 2394 1693 2488; baseline 0.003 -27"><span class='ocrx_word' id='word_1_144' title='bbox 261 2395 403 2488; x_wconf 86' lang='lat' dir='ltr'><strong>palmam</strong></span> <span class='ocrx_word' id='word_1_145' title='bbox 416 2397 468 2463; x_wconf 88' lang='lat' dir='ltr'><strong>vel</strong></span> <span class='ocrx_word' id='word_1_146' title='bbox 485 2399 679 2488; x_wconf 88' lang='lat' dir='ltr'><strong>spithamam</strong></span> <span class='ocrx_word' id='word_1_147' title='bbox 691 2397 814 2484; x_wconf 84' lang='lat' dir='ltr'><strong>longae,</strong></span> <span class='ocrx_word' id='word_1_148' title='bbox 837 2398 907 2464; x_wconf 88' lang='lat' dir='ltr'><strong>basi</strong></span> <span class='ocrx_word' id='word_1_149' title='bbox 925 2414 1115 2477; x_wconf 77' lang='lat' dir='ltr'><strong>attenuatae3</strong></span> <span class='ocrx_word' id='word_1_150' title='bbox 1139 2396 1175 2459; x_wconf 91' lang='lat' dir='ltr'><strong>in</strong></span> <span class='ocrx_word' id='word_1_151' title='bbox 1191 2412 1277 2460; x_wconf 86' lang='lat' dir='ltr'><strong>statu</strong></span> <span class='ocrx_word' id='word_1_152' title='bbox 1295 2419 1373 2462; x_wconf 90' lang='lat' dir='ltr'><strong>vero</strong></span> <span class='ocrx_word' id='word_1_153' title='bbox 1390 2394 1545 2462; x_wconf 86' lang='lat' dir='ltr'><strong>adultiori</strong></span> <span class='ocrx_word' id='word_1_154' title='bbox 1559 2399 1693 2466; x_wconf 92' lang='lat' dir='ltr'><strong>tubulo-</strong></span> 
     </span>
     <span class='ocr_line' id='line_1_17' title="bbox 265 2497 1694 2592; baseline 0.002 -27"><span class='ocrx_word' id='word_1_155' title='bbox 265 2526 323 2581; x_wconf 85' lang='lat' dir='ltr'><strong>sae,</strong></span> <span class='ocrx_word' id='word_1_156' title='bbox 343 2525 556 2590; x_wconf 68' lang='lat' dir='ltr'><strong>compressae,</strong></span> <span class='ocrx_word' id='word_1_157' title='bbox 580 2527 696 2592; x_wconf 83' lang='lat' dir='ltr'><strong>pennae</strong></span> <span class='ocrx_word' id='word_1_158' title='bbox 711 2505 884 2591; x_wconf 72' lang='lat' dir='ltr'><strong>passer-inte</strong></span> <span class='ocrx_word' id='word_1_159' title='bbox 902 2502 1065 2577; x_wconf 86' lang='lat' dir='ltr'><strong>crassitie,</strong></span> <span class='ocrx_word' id='word_1_160' title='bbox 1088 2497 1207 2561; x_wconf 87' lang='lat' dir='ltr'><strong>deinde</strong></span> <span class='ocrx_word' id='word_1_161' title='bbox 1226 2498 1262 2561; x_wconf 89' lang='lat' dir='ltr'><strong>in</strong></span> <span class='ocrx_word' id='word_1_162' title='bbox 1281 2522 1423 2587; x_wconf 86' lang='lat' dir='ltr'><strong>pennam</strong></span> <span class='ocrx_word' id='word_1_163' title='bbox 1445 2501 1629 2568; x_wconf 84' lang='lat' dir='ltr'><strong>anserinam</strong></span> <span class='ocrx_word' id='word_1_164' title='bbox 1652 2503 1694 2568; x_wconf 84' lang='lat' dir='ltr'><strong>ad</strong></span> 
     </span>
     <span class='ocr_line' id='line_1_18' title="bbox 265 2596 1731 2689; baseline 0.001 -20"><span class='ocrx_word' id='word_1_165' title='bbox 265 2604 401 2689; x_wconf 85' lang='lat' dir='ltr'><strong>digitum</strong></span> <span class='ocrx_word' id='word_1_166' title='bbox 426 2623 458 2669; x_wconf 90' lang='lat' dir='ltr'><strong>et</strong></span> <span class='ocrx_word' id='word_1_167' title='bbox 482 2604 569 2669; x_wconf 85' lang='lat' dir='ltr'><strong>ultra</strong></span> <span class='ocrx_word' id='word_1_168' title='bbox 589 2606 855 2683; x_wconf 81' lang='lat' dir='ltr'><strong>intumescentes,</strong></span> <span class='ocrx_word' id='word_1_169' title='bbox 887 2624 1041 2680; x_wconf 83' lang='lat' dir='ltr'><strong>ramosae3</strong></span> <span class='ocrx_word' id='word_1_170' title='bbox 1065 2601 1149 2664; x_wconf 90' lang='lat' dir='ltr'><strong>rami</strong></span> <span class='ocrx_word' id='word_1_171' title='bbox 1171 2599 1326 2677; x_wconf 87' lang='lat' dir='ltr'><strong>solitarii,</strong></span> <span class='ocrx_word' id='word_1_172' title='bbox 1354 2602 1425 2668; x_wconf 89' lang='lat' dir='ltr'><strong>basi</strong></span> <span class='ocrx_word' id='word_1_173' title='bbox 1447 2608 1620 2687; x_wconf 87' lang='lat' dir='ltr'><strong>attenuati,</strong></span> <span class='ocrx_word' id='word_1_174' title='bbox 1645 2625 1696 2671; x_wconf 92' lang='lat' dir='ltr'><strong>te·</strong></span> <span class='ocrx_word' id='word_1_175' title='bbox 1727 2596 1731 2603; x_wconf 42' lang='lat'><strong><em>⁴</em></strong></span> 
     </span>
     <span class='ocr_line' id='line_1_19' title="bbox 267 2701 1694 2797; baseline 0.001 -25"><span class='ocrx_word' id='word_1_176' title='bbox 267 2710 410 2788; x_wconf 79' lang='lat' dir='ltr'><strong>naiores,</strong></span> <span class='ocrx_word' id='word_1_177' title='bbox 432 2732 521 2774; x_wconf 88' lang='lat' dir='ltr'><strong>nunc</strong></span> <span class='ocrx_word' id='word_1_178' title='bbox 534 2709 652 2773; x_wconf 88' lang='lat' dir='ltr'><strong>remoti</strong></span> <span class='ocrx_word' id='word_1_179' title='bbox 665 2731 753 2772; x_wconf 92' lang='lat' dir='ltr'><strong>nunc</strong></span> <span class='ocrx_word' id='word_1_180' title='bbox 768 2707 1003 2797; x_wconf 77' lang='lat' dir='ltr'><strong>approximati,</strong></span> <span class='ocrx_word' id='word_1_181' title='bbox 1028 2701 1283 2794; x_wconf 87' lang='lat' dir='ltr'><strong>simpliciusculi.</strong></span> <span class='ocrx_word' id='word_1_182' title='bbox 1330 2707 1469 2773; x_wconf 87' lang='lat' dir='ltr'><strong>Fructus</strong></span> <span class='ocrx_word' id='word_1_183' title='bbox 1483 2706 1613 2773; x_wconf 87' lang='lat' dir='ltr'><strong>Semina</strong></span> <span class='ocrx_word' id='word_1_184' title='bbox 1629 2734 1694 2774; x_wconf 91' lang='lat' dir='ltr'><strong>nu-</strong></span> 
     </span>
     <span class='ocr_line' id='line_1_20' title="bbox 267 2804 1694 2900; baseline 0.002 -24"><span class='ocrx_word' id='word_1_185' title='bbox 267 2811 317 2891; x_wconf 92' lang='lat' dir='ltr'><strong>da,</strong></span> <span class='ocrx_word' id='word_1_186' title='bbox 334 2813 430 2893; x_wconf 82' lang='lat' dir='ltr'><strong>lusca,</strong></span> <span class='ocrx_word' id='word_1_187' title='bbox 446 2810 592 2896; x_wconf 85' lang='lat' dir='ltr'><strong>globosa,</strong></span> <span class='ocrx_word' id='word_1_188' title='bbox 606 2811 791 2877; x_wconf 79' lang='lat' dir='ltr'><strong>substantiae</strong></span> <span class='ocrx_word' id='word_1_189' title='bbox 804 2810 932 2876; x_wconf 80' lang='lat' dir='ltr'><strong>frondis</strong></span> <span class='ocrx_word' id='word_1_190' title='bbox 949 2825 1110 2900; x_wconf 81' lang='lat' dir='ltr'><strong>punctatae</strong></span> <span class='ocrx_word' id='word_1_191' title='bbox 1125 2804 1330 2890; x_wconf 80' lang='lat' dir='ltr'><strong>glomeratim</strong></span> <span class='ocrx_word' id='word_1_192' title='bbox 1343 2812 1504 2876; x_wconf 86' lang='lat' dir='ltr'><strong>immersa.</strong></span> <span class='ocrx_word' id='word_1_193' title='bbox 1523 2811 1625 2879; x_wconf 89' lang='lat' dir='ltr'><strong>Color</strong></span> <span class='ocrx_word' id='word_1_194' title='bbox 1641 2839 1694 2879; x_wconf 90' lang='lat' dir='ltr'><strong>sa·</strong></span> 
     </span>
     <span class='ocr_line' id='line_1_21' title="bbox 265 2911 1694 3009; baseline 0.003 -30"><span class='ocrx_word' id='word_1_195' title='bbox 265 2933 366 2981; x_wconf 86' lang='lat' dir='ltr'><strong>turate</strong></span> <span class='ocrx_word' id='word_1_196' title='bbox 379 2915 512 2995; x_wconf 81' lang='lat' dir='ltr'><strong>viridis,</strong></span> <span class='ocrx_word' id='word_1_197' title='bbox 537 2916 627 2982; x_wconf 90' lang='lat' dir='ltr'><strong>senio</strong></span> <span class='ocrx_word' id='word_1_198' title='bbox 646 2913 812 3005; x_wconf 89' lang='lat' dir='ltr'><strong>pallidior.</strong></span> <span class='ocrx_word' id='word_1_199' title='bbox 859 2914 1046 2979; x_wconf 85' lang='lat' dir='ltr'><strong>Substantia</strong></span> <span class='ocrx_word' id='word_1_200' title='bbox 1058 2911 1319 2996; x_wconf 87' lang='lat' dir='ltr'><strong>membranacea,</strong></span> <span class='ocrx_word' id='word_1_201' title='bbox 1345 2933 1470 2997; x_wconf 88' lang='lat' dir='ltr'><strong>tenera,</strong></span> <span class='ocrx_word' id='word_1_202' title='bbox 1492 2915 1694 3009; x_wconf 87' lang='lat' dir='ltr'><strong>subdiapba·</strong></span> 
     </span>
     <span class='ocr_line' id='line_1_22' title="bbox 264 3015 1098 3115; baseline -0.01 -28"><span class='ocrx_word' id='word_1_203' title='bbox 264 3046 315 3087; x_wconf 89' lang='lat' dir='ltr'><strong>na.</strong></span> <span class='ocrx_word' id='word_1_204' title='bbox 361 3024 490 3087; x_wconf 81' lang='lat' dir='ltr'><strong>Annua.</strong></span> <span class='ocrx_word' id='word_1_205' title='bbox 535 3020 669 3085; x_wconf 84' lang='lat' dir='ltr'><strong>AEstate.</strong></span> <span class='ocrx_word' id='word_1_206' title='bbox 717 3017 846 3115; x_wconf 69' lang='lat' dir='ltr'><strong>Chartae</strong></span> <span class='ocrx_word' id='word_1_207' title='bbox 859 3015 931 3080; x_wconf 82' lang='lat' dir='ltr'><strong>laxe</strong></span> <span class='ocrx_word' id='word_1_208' title='bbox 945 3016 1098 3081; x_wconf 75' lang='lat' dir='ltr'><strong>adheret.</strong></span> 
     </span>
    </p>
   </div>
   <div class='ocr_carea' id='block_1_7' title="bbox 177 3132 1761 4365">
    <p class='ocr_par' dir='ltr' id='par_1_8' title="bbox 177 3132 1761 4365">
     <span class='ocr_line' id='line_1_23' title="bbox 177 3132 1761 3221; baseline 0.003 -22"><span class='ocrx_word' id='word_1_209' title='bbox 177 3133 270 3202; x_wconf 70' lang='lat' dir='ltr'><strong>otis.</strong></span> <span class='ocrx_word' id='word_1_210' title='bbox 315 3139 391 3204; x_wconf 87' lang='lat' dir='ltr'><strong>Var.</strong></span> <span class='ocrx_word' id='word_1_211' title='bbox 406 3141 449 3219; x_wconf 84' lang='grc' dir='ltr'><strong>β,</strong></span> <span class='ocrx_word' id='word_1_212' title='bbox 473 3132 516 3199; x_wconf 88' lang='lat' dir='ltr'><strong>ad</strong></span> <span class='ocrx_word' id='word_1_213' title='bbox 528 3133 648 3199; x_wconf 88' lang='lat' dir='ltr'><strong>insulas</strong></span> <span class='ocrx_word' id='word_1_214' title='bbox 663 3134 851 3200; x_wconf 85' lang='lat' dir='ltr'><strong>Faeroenses</strong></span> <span class='ocrx_word' id='word_1_215' title='bbox 868 3132 1111 3221; x_wconf 83' lang='lat' dir='ltr'><strong>copiosissima,</strong></span> <span class='ocrx_word' id='word_1_216' title='bbox 1135 3154 1270 3215; x_wconf 84' lang='lat' dir='ltr'><strong>magnos</strong></span> <span class='ocrx_word' id='word_1_217' title='bbox 1293 3135 1337 3199; x_wconf 87' lang='lat' dir='ltr'><strong>ad</strong></span> <span class='ocrx_word' id='word_1_218' title='bbox 1355 3132 1465 3201; x_wconf 85' lang='lat' dir='ltr'><strong>littora</strong></span> <span class='ocrx_word' id='word_1_219' title='bbox 1487 3135 1608 3201; x_wconf 80' lang='lat' dir='ltr'><strong>format</strong></span> <span class='ocrx_word' id='word_1_220' title='bbox 1629 3161 1694 3204; x_wconf 78' lang='lat' dir='ltr'><strong>cre·</strong></span> <span class='ocrx_word' id='word_1_221' title='bbox 1759 3150 1761 3153; x_wconf 83' lang='lat'>&#39;</span> 
     </span>
     <span class='ocr_line' id='line_1_24' title="bbox 263 3233 1694 3331; baseline 0.001 -26"><span class='ocrx_word' id='word_1_222' title='bbox 263 3241 378 3331; x_wconf 79' lang='lat' dir='ltr'><strong>spites,</strong></span> <span class='ocrx_word' id='word_1_223' title='bbox 405 3240 461 3330; x_wconf 80' lang='lat' dir='ltr'><strong>qvi</strong></span> <span class='ocrx_word' id='word_1_224' title='bbox 479 3263 496 3302; x_wconf 84' lang='lat' dir='ltr'><strong>e</strong></span> <span class='ocrx_word' id='word_1_225' title='bbox 517 3236 579 3302; x_wconf 87' lang='lat' dir='ltr'><strong>filis</strong></span> <span class='ocrx_word' id='word_1_226' title='bbox 597 3237 794 3322; x_wconf 89' lang='lat' dir='ltr'><strong>majoribus,</strong></span> <span class='ocrx_word' id='word_1_227' title='bbox 816 3233 1002 3325; x_wconf 83' lang='lat' dir='ltr'><strong>proliferis,</strong></span> <span class='ocrx_word' id='word_1_228' title='bbox 1025 3259 1141 3325; x_wconf 80' lang='lat' dir='ltr'><strong>pennae</strong></span> <span class='ocrx_word' id='word_1_229' title='bbox 1166 3239 1341 3326; x_wconf 78' lang='lat' dir='ltr'><strong>passeribae</strong></span> <span class='ocrx_word' id='word_1_230' title='bbox 1363 3241 1521 3321; x_wconf 79' lang='lat' dir='ltr'><strong>crassitie,</strong></span> <span class='ocrx_word' id='word_1_231' title='bbox 1547 3241 1616 3307; x_wconf 88' lang='lat' dir='ltr'><strong>aliis</strong></span> <span class='ocrx_word' id='word_1_232' title='bbox 1642 3260 1694 3308; x_wconf 85' lang='lat' dir='ltr'><strong>te·</strong></span> 
     </span>
     <span class='ocr_line' id='line_1_25' title="bbox 195 3339 1693 3430; baseline 0 -22"><span class='ocrx_word' id='word_1_233' title='bbox 195 3382 201 3391; x_wconf 85' lang='lat'><strong>·</strong></span> <span class='ocrx_word' id='word_1_234' title='bbox 263 3345 433 3410; x_wconf 86' lang='lat' dir='ltr'><strong>nuioribus</strong></span> <span class='ocrx_word' id='word_1_235' title='bbox 454 3340 661 3430; x_wconf 86' lang='lat' dir='ltr'><strong>capillaribus</strong></span> <span class='ocrx_word' id='word_1_236' title='bbox 683 3340 877 3423; x_wconf 84' lang='lat' dir='ltr'><strong>longissimis</strong></span> <span class='ocrx_word' id='word_1_237' title='bbox 910 3339 1067 3404; x_wconf 87' lang='lat' dir='ltr'><strong>intricatis</strong></span> <span class='ocrx_word' id='word_1_238' title='bbox 1096 3342 1267 3422; x_wconf 84' lang='lat' dir='ltr'><strong>immixtis,</strong></span> <span class='ocrx_word' id='word_1_239' title='bbox 1303 3361 1462 3410; x_wconf 89' lang='lat' dir='ltr'><strong>constant.</strong></span> <span class='ocrx_word' id='word_1_240' title='bbox 1490 3384 1531 3398; x_wconf 94' lang='lat'>-</span> <span class='ocrx_word' id='word_1_241' title='bbox 1559 3348 1636 3414; x_wconf 88' lang='lat' dir='ltr'><strong>Var.</strong></span> <span class='ocrx_word' id='word_1_242' title='bbox 1659 3374 1693 3429; x_wconf 74' lang='lat' dir='ltr'><strong>y,</strong></span> 
     </span>
     <span class='ocr_line' id='line_1_26' title="bbox 200 3440 1693 3532; baseline 0.006 -25"><span class='ocrx_word' id='word_1_243' title='bbox 200 3464 207 3479; x_wconf 91' lang='lat'><em>·</em></span> <span class='ocrx_word' id='word_1_244' title='bbox 264 3442 346 3508; x_wconf 90' lang='lat' dir='ltr'><strong>lenti</strong></span> <span class='ocrx_word' id='word_1_245' title='bbox 359 3447 497 3509; x_wconf 83' lang='lat' dir='ltr'><strong>maxime</strong></span> <span class='ocrx_word' id='word_1_246' title='bbox 511 3447 639 3526; x_wconf 81' lang='lat' dir='ltr'><strong>augenti</strong></span> <span class='ocrx_word' id='word_1_247' title='bbox 656 3445 815 3526; x_wconf 83' lang='lat' dir='ltr'><strong>subjecta,</strong></span> <span class='ocrx_word' id='word_1_248' title='bbox 841 3440 938 3506; x_wconf 81' lang='lat' dir='ltr'><strong>efflis</strong></span> <span class='ocrx_word' id='word_1_249' title='bbox 950 3446 1072 3532; x_wconf 87' lang='lat' dir='ltr'><strong>partim</strong></span> <span class='ocrx_word' id='word_1_250' title='bbox 1094 3444 1239 3508; x_wconf 86' lang='lat' dir='ltr'><strong>adinstar</strong></span> <span class='ocrx_word' id='word_1_251' title='bbox 1259 3446 1514 3527; x_wconf 75' lang='lat' dir='ltr'><strong>Conseruarum,</strong></span> <span class='ocrx_word' id='word_1_252' title='bbox 1537 3451 1595 3512; x_wconf 90' lang='lat' dir='ltr'><strong>ubi</strong></span> <span class='ocrx_word' id='word_1_253' title='bbox 1617 3467 1693 3516; x_wconf 82' lang='lat' dir='ltr'><strong>suut</strong></span> 
     </span>
     <span class='ocr_line' id='line_1_27' title="bbox 271 3542 1690 3630; baseline 0.004 -24"><span class='ocrx_word' id='word_1_254' title='bbox 271 3546 513 3624; x_wconf 88' lang='lat' dir='ltr'><strong>augustissima,</strong></span> <span class='ocrx_word' id='word_1_255' title='bbox 536 3543 739 3624; x_wconf 83' lang='lat' dir='ltr'><strong>geniculatis,</strong></span> <span class='ocrx_word' id='word_1_256' title='bbox 762 3544 881 3630; x_wconf 84' lang='lat' dir='ltr'><strong>partim</strong></span> <span class='ocrx_word' id='word_1_257' title='bbox 893 3542 978 3609; x_wconf 90' lang='lat' dir='ltr'><strong>linea</strong></span> <span class='ocrx_word' id='word_1_258' title='bbox 993 3542 1223 3626; x_wconf 83' lang='lat' dir='ltr'><strong>longitudinali</strong></span> <span class='ocrx_word' id='word_1_259' title='bbox 1238 3544 1410 3623; x_wconf 87' lang='lat' dir='ltr'><strong>continua,</strong></span> <span class='ocrx_word' id='word_1_260' title='bbox 1434 3548 1469 3609; x_wconf 93' lang='lat' dir='ltr'><strong>in</strong></span> <span class='ocrx_word' id='word_1_261' title='bbox 1484 3547 1593 3613; x_wconf 86' lang='lat' dir='ltr'><strong>medio</strong></span> <span class='ocrx_word' id='word_1_262' title='bbox 1609 3550 1690 3612; x_wconf 89' lang='lat' dir='ltr'><strong>arti-</strong></span> 
     </span>
     <span class='ocr_line' id='line_1_28' title="bbox 271 3641 1689 3736; baseline 0.005 -28"><span class='ocrx_word' id='word_1_263' title='bbox 271 3642 423 3708; x_wconf 91' lang='lat' dir='ltr'><strong>culorum</strong></span> <span class='ocrx_word' id='word_1_264' title='bbox 438 3641 583 3722; x_wconf 79' lang='lat' dir='ltr'><strong>dilatata,</strong></span> <span class='ocrx_word' id='word_1_265' title='bbox 607 3645 786 3733; x_wconf 88' lang='lat' dir='ltr'><strong>percursis,</strong></span> <span class='ocrx_word' id='word_1_266' title='bbox 805 3664 956 3717; x_wconf 86' lang='lat' dir='ltr'><strong>constare</strong></span> <span class='ocrx_word' id='word_1_267' title='bbox 969 3649 1124 3713; x_wconf 82' lang='lat' dir='ltr'><strong>cernitur.</strong></span> <span class='ocrx_word' id='word_1_268' title='bbox 1168 3649 1280 3736; x_wconf 86' lang='lat' dir='ltr'><strong>Neqve</strong></span> <span class='ocrx_word' id='word_1_269' title='bbox 1297 3671 1375 3714; x_wconf 86' lang='lat' dir='ltr'><strong>vero</strong></span> <span class='ocrx_word' id='word_1_270' title='bbox 1391 3648 1464 3714; x_wconf 81' lang='lat' dir='ltr'><strong>ideo</strong></span> <span class='ocrx_word' id='word_1_271' title='bbox 1486 3648 1527 3713; x_wconf 86' lang='lat' dir='ltr'><strong>ad</strong></span> <span class='ocrx_word' id='word_1_272' title='bbox 1544 3648 1689 3735; x_wconf 84' lang='lat' dir='ltr'><strong>Confer·</strong></span> 
     </span>
     <span class='ocr_line' id='line_1_29' title="bbox 268 3744 1688 3835; baseline 0.006 -23"><span class='ocrx_word' id='word_1_273' title='bbox 268 3770 321 3812; x_wconf 71' lang='grc' dir='ltr'><strong>να</strong></span> <span class='ocrx_word' id='word_1_274' title='bbox 334 3769 435 3829; x_wconf 86' lang='lat' dir='ltr'><strong>genus</strong></span> <span class='ocrx_word' id='word_1_275' title='bbox 449 3744 801 3827; x_wconf 85' lang='lat' dir='ltr'><strong>annumeranda;·haec</strong></span> <span class='ocrx_word' id='word_1_276' title='bbox 824 3752 912 3816; x_wconf 89' lang='lat' dir='ltr'><strong>enirn</strong></span> <span class='ocrx_word' id='word_1_277' title='bbox 932 3751 1017 3817; x_wconf 88' lang='lat' dir='ltr'><strong>linea</strong></span> <span class='ocrx_word' id='word_1_278' title='bbox 1036 3750 1297 3835; x_wconf 85' lang='lat' dir='ltr'><strong>longitudinalis,</strong></span> <span class='ocrx_word' id='word_1_279' title='bbox 1320 3774 1339 3813; x_wconf 93' lang='lat' dir='ltr'><strong>a</strong></span> <span class='ocrx_word' id='word_1_280' title='bbox 1360 3752 1530 3820; x_wconf 79' lang='lat' dir='ltr'><strong>Conservis</strong></span> <span class='ocrx_word' id='word_1_281' title='bbox 1553 3755 1688 3821; x_wconf 89' lang='lat' dir='ltr'><strong>omnino</strong></span> 
     </span>
     <span class='ocr_line' id='line_1_30' title="bbox 266 3849 1686 3947; baseline 0.006 -33"><span class='ocrx_word' id='word_1_282' title='bbox 266 3849 388 3929; x_wconf 88' lang='lat' dir='ltr'><strong>aliena,</strong></span> <span class='ocrx_word' id='word_1_283' title='bbox 411 3868 544 3916; x_wconf 82' lang='lat' dir='ltr'><strong>texturae</strong></span> <span class='ocrx_word' id='word_1_284' title='bbox 557 3852 691 3916; x_wconf 75' lang='lat' dir='ltr'><strong>inter-nn</strong></span> <span class='ocrx_word' id='word_1_285' title='bbox 712 3850 877 3921; x_wconf 84' lang='lat' dir='ltr'><strong>Ulvarum</strong></span> <span class='ocrx_word' id='word_1_286' title='bbox 889 3853 1035 3944; x_wconf 86' lang='lat' dir='ltr'><strong>plurium</strong></span> <span class='ocrx_word' id='word_1_287' title='bbox 1051 3855 1251 3947; x_wconf 88' lang='lat' dir='ltr'><strong>respondere</strong></span> <span class='ocrx_word' id='word_1_288' title='bbox 1264 3854 1411 3936; x_wconf 81' lang='lat' dir='ltr'><strong>videtur3</strong></span> <span class='ocrx_word' id='word_1_289' title='bbox 1438 3858 1484 3922; x_wconf 89' lang='lat' dir='ltr'><strong>sic</strong></span> <span class='ocrx_word' id='word_1_290' title='bbox 1506 3882 1537 3924; x_wconf 79' lang='lat' dir='ltr'><strong>v.</strong></span> <span class='ocrx_word' id='word_1_291' title='bbox 1560 3882 1590 3923; x_wconf 90' lang='lat' dir='ltr'><strong>c.</strong></span> <span class='ocrx_word' id='word_1_292' title='bbox 1614 3876 1686 3922; x_wconf 82' lang='lat' dir='ltr'><strong>tex-</strong></span> 
     </span>
     <span class='ocr_line' id='line_1_31' title="bbox 265 3953 1687 4052; baseline 0.006 -34"><span class='ocrx_word' id='word_1_293' title='bbox 265 3972 371 4019; x_wconf 85' lang='lat' dir='ltr'><strong>turam</strong></span> <span class='ocrx_word' id='word_1_294' title='bbox 390 3956 549 4019; x_wconf 89' lang='lat' dir='ltr'><strong>internam</strong></span> <span class='ocrx_word' id='word_1_295' title='bbox 580 3954 677 4021; x_wconf 71' lang='lat' dir='ltr'><strong>Uloae</strong></span> <span class='ocrx_word' id='word_1_296' title='bbox 696 3953 894 4022; x_wconf 76' lang='lat' dir='ltr'><strong>dichotomoe</strong></span> <span class='ocrx_word' id='word_1_297' title='bbox 914 3985 932 4023; x_wconf 87' lang='lat' dir='ltr'><strong>c</strong></span> <span class='ocrx_word' id='word_1_298' title='bbox 953 3960 1044 4027; x_wconf 85' lang='lat' dir='ltr'><strong>libris</strong></span> <span class='ocrx_word' id='word_1_299' title='bbox 1064 3959 1245 4052; x_wconf 87' lang='lat' dir='ltr'><strong>parallelis,</strong></span> <span class='ocrx_word' id='word_1_300' title='bbox 1267 3960 1306 4045; x_wconf 81' lang='lat' dir='ltr'><strong>ab</strong></span> <span class='ocrx_word' id='word_1_301' title='bbox 1331 3958 1400 4024; x_wconf 89' lang='lat' dir='ltr'><strong>aliis</strong></span> <span class='ocrx_word' id='word_1_302' title='bbox 1422 3959 1687 4035; x_wconf 81' lang='lat' dir='ltr'><strong>transversalibus</strong></span> 
     </span>
     <span class='ocr_line' id='line_1_32' title="bbox 264 4056 1688 4153; baseline 0.008 -32"><span class='ocrx_word' id='word_1_303' title='bbox 264 4060 378 4137; x_wconf 87' lang='lat' dir='ltr'><strong>sectis,</strong></span> <span class='ocrx_word' id='word_1_304' title='bbox 416 4057 571 4146; x_wconf 76' lang='lat' dir='ltr'><strong>quadrata</strong></span> <span class='ocrx_word' id='word_1_305' title='bbox 596 4056 648 4125; x_wconf 84' lang='lat' dir='ltr'><strong>vel</strong></span> <span class='ocrx_word' id='word_1_306' title='bbox 672 4060 863 4144; x_wconf 88' lang='lat' dir='ltr'><strong>rectangula</strong></span> <span class='ocrx_word' id='word_1_307' title='bbox 890 4063 1029 4153; x_wconf 85' lang='lat' dir='ltr'><strong>pulchro</strong></span> <span class='ocrx_word' id='word_1_308' title='bbox 1053 4064 1266 4131; x_wconf 80' lang='lat' dir='ltr'><strong>formantibus</strong></span> <span class='ocrx_word' id='word_1_309' title='bbox 1291 4083 1438 4130; x_wconf 89' lang='lat' dir='ltr'><strong>constare</strong></span> <span class='ocrx_word' id='word_1_310' title='bbox 1462 4060 1688 4148; x_wconf 79' lang='lat' dir='ltr'><strong>observamus3</strong></span> 
     </span>
     <span class='ocr_line' id='line_1_33' title="bbox 262 4160 1686 4249; baseline 0.009 -25"><span class='ocrx_word' id='word_1_311' title='bbox 262 4176 419 4249; x_wconf 76' lang='lat' dir='ltr'><strong>praterea</strong></span> <span class='ocrx_word' id='word_1_312' title='bbox 433 4160 518 4225; x_wconf 88' lang='lat' dir='ltr'><strong>hauc</strong></span> <span class='ocrx_word' id='word_1_313' title='bbox 533 4162 726 4231; x_wconf 76' lang='lat' dir='ltr'><strong>varietatem</strong></span> <span class='ocrx_word' id='word_1_314' title='bbox 740 4163 783 4228; x_wconf 89' lang='lat' dir='ltr'><strong>ad</strong></span> <span class='ocrx_word' id='word_1_315' title='bbox 796 4166 891 4230; x_wconf 89' lang='lat' dir='ltr'><strong>basin</strong></span> <span class='ocrx_word' id='word_1_316' title='bbox 904 4190 1065 4234; x_wconf 87' lang='lat' dir='ltr'><strong>ramosam</strong></span> <span class='ocrx_word' id='word_1_317' title='bbox 1078 4168 1162 4247; x_wconf 83' lang='lat' dir='ltr'><strong>vidi,</strong></span> <span class='ocrx_word' id='word_1_318' title='bbox 1188 4190 1205 4230; x_wconf 91' lang='lat' dir='ltr'><strong>e</strong></span> <span class='ocrx_word' id='word_1_319' title='bbox 1223 4164 1285 4231; x_wconf 90' lang='lat' dir='ltr'><strong>filis</strong></span> <span class='ocrx_word' id='word_1_320' title='bbox 1302 4166 1460 4233; x_wconf 81' lang='lat' dir='ltr'><strong>tabularis</strong></span> <span class='ocrx_word' id='word_1_321' title='bbox 1474 4173 1686 4239; x_wconf 82' lang='lat' dir='ltr'><strong>crassioribus</strong></span> 
     </span>
     <span class='ocr_line' id='line_1_34' title="bbox 261 4264 1686 4365; baseline 0.008 -39"><span class='ocrx_word' id='word_1_322' title='bbox 261 4264 430 4328; x_wconf 82' lang='lat' dir='ltr'><strong>manifeste</strong></span> <span class='ocrx_word' id='word_1_323' title='bbox 446 4281 679 4355; x_wconf 88' lang='lat' dir='ltr'><strong>erumpentem.</strong></span> <span class='ocrx_word' id='word_1_324' title='bbox 726 4266 854 4353; x_wconf 86' lang='lat' dir='ltr'><strong>Qvare,</strong></span> <span class='ocrx_word' id='word_1_325' title='bbox 877 4273 986 4338; x_wconf 88' lang='lat' dir='ltr'><strong>necui</strong></span> <span class='ocrx_word' id='word_1_326' title='bbox 1000 4273 1043 4338; x_wconf 93' lang='lat' dir='ltr'><strong>ob</strong></span> <span class='ocrx_word' id='word_1_327' title='bbox 1058 4271 1208 4337; x_wconf 90' lang='lat' dir='ltr'><strong>habitum</strong></span> <span class='ocrx_word' id='word_1_328' title='bbox 1221 4267 1488 4365; x_wconf 82' lang='lat' dir='ltr'><strong>conservoideutn</strong></span> <span class='ocrx_word' id='word_1_329' title='bbox 1508 4273 1620 4341; x_wconf 84' lang='lat' dir='ltr'><strong>sucum</strong></span> <span class='ocrx_word' id='word_1_330' title='bbox 1634 4273 1686 4338; x_wconf 85' lang='lat' dir='ltr'><strong>la·</strong></span> 
     </span>
    </p>
   </div>
   <div class='ocr_carea' id='block_1_8' title="bbox 262 4365 578 4445">
    <p class='ocr_par' dir='ltr' id='par_1_9' title="bbox 262 4365 578 4445">
     <span class='ocr_line' id='line_1_35' title="bbox 262 4365 578 4445; baseline 0 -13"><span class='ocrx_word' id='word_1_331' title='bbox 262 4368 342 4445; x_wconf 88' lang='lat' dir='ltr'><strong>ciat,</strong></span> <span class='ocrx_word' id='word_1_332' title='bbox 365 4367 434 4432; x_wconf 79' lang='lat' dir='ltr'><strong>hac</strong></span> <span class='ocrx_word' id='word_1_333' title='bbox 454 4365 578 4432; x_wconf 88' lang='lat' dir='ltr'><strong>addidi.</strong></span> 
     </span>
    </p>
   </div>
   <div class='ocr_carea' id='block_1_9' title="bbox 126 4564 1876 4793">
    <p class='ocr_par' dir='ltr' id='par_1_10' title="bbox 126 4564 1876 4793">
     <span class='ocr_line' id='line_1_36' title="bbox 207 4564 1876 4679; baseline 0.005 -46"><span class='ocrx_word' id='word_1_334' title='bbox 207 4564 242 4641; x_wconf 81' lang='grc'><strong>6.</strong></span> <span class='ocrx_word' id='word_1_335' title='bbox 289 4564 346 4633; x_wconf 79' lang='lat' dir='ltr'><strong>So.</strong></span> <span class='ocrx_word' id='word_1_336' title='bbox 359 4575 522 4652; x_wconf 75' lang='lat' dir='ltr'><strong>erectus,</strong></span> <span class='ocrx_word' id='word_1_337' title='bbox 546 4566 676 4638; x_wconf 82' lang='lat' dir='ltr'><strong>fronde</strong></span> <span class='ocrx_word' id='word_1_338' title='bbox 692 4579 817 4656; x_wconf 89' lang='lat' dir='ltr'><strong>terete,</strong></span> <span class='ocrx_word' id='word_1_339' title='bbox 838 4567 1006 4659; x_wconf 78' lang='lat' dir='ltr'><strong>fililormi,</strong></span> <span class='ocrx_word' id='word_1_340' title='bbox 1023 4570 1198 4658; x_wconf 84' lang='lat' dir='ltr'><strong>tubulosa,</strong></span> <span class='ocrx_word' id='word_1_341' title='bbox 1216 4573 1473 4663; x_wconf 77' lang='lat' dir='ltr'><strong>ramosissima5</strong></span> <span class='ocrx_word' id='word_1_342' title='bbox 1498 4572 1607 4642; x_wconf 89' lang='lat' dir='ltr'><strong>ramis</strong></span> <span class='ocrx_word' id='word_1_343' title='bbox 1620 4590 1684 4640; x_wconf 88' lang='lat' dir='ltr'><strong>ra·</strong></span> <span class='ocrx_word' id='word_1_344' title='bbox 1709 4595 1799 4666; x_wconf 56' lang='lat' dir='ltr'><strong>Tg,</strong></span> <span class='ocrx_word' id='word_1_345' title='bbox 1820 4604 1876 4679; x_wconf 44' lang='lat'><strong>15·</strong></span> 
     </span>
     <span class='ocr_line' id='line_1_37' title="bbox 126 4693 1560 4793; baseline 0.005 -27"><span class='ocrx_word' id='word_1_346' title='bbox 126 4693 306 4787; x_wconf 75' lang='lat' dir='ltr'><strong>mulitsque</strong></span> <span class='ocrx_word' id='word_1_347' title='bbox 322 4699 544 4788; x_wconf 87' lang='lat' dir='ltr'><strong>densissimis,</strong></span> <span class='ocrx_word' id='word_1_348' title='bbox 559 4699 715 4789; x_wconf 87' lang='lat' dir='ltr'><strong>alternis,</strong></span> <span class='ocrx_word' id='word_1_349' title='bbox 736 4700 878 4791; x_wconf 86' lang='lat' dir='ltr'><strong>patulis,</strong></span> <span class='ocrx_word' id='word_1_350' title='bbox 893 4725 1034 4771; x_wconf 81' lang='lat' dir='ltr'><strong>ameum</strong></span> <span class='ocrx_word' id='word_1_351' title='bbox 1044 4694 1296 4793; x_wconf 85' lang='lat' dir='ltr'><strong>spectantibus.</strong></span> <span class='ocrx_word' id='word_1_352' title='bbox 1553 4696 1560 4703; x_wconf 50' lang='lat'>⁸</span> 
     </span>
    </p>
   </div>
   <div class='ocr_carea' id='block_1_10' title="bbox 178 4863 1681 4963">
    <p class='ocr_par' dir='ltr' id='par_1_11' title="bbox 178 4863 1681 4963">
     <span class='ocr_line' id='line_1_38' title="bbox 178 4863 1681 4963; baseline 0.006 -30"><span class='ocrx_word' id='word_1_353' title='bbox 178 4863 333 4945; x_wconf 82' lang='lat' dir='ltr'><strong>Habitat</strong></span> <span class='ocrx_word' id='word_1_354' title='bbox 358 4869 397 4936; x_wconf 89' lang='lat' dir='ltr'><strong>in</strong></span> <span class='ocrx_word' id='word_1_355' title='bbox 411 4867 617 4938; x_wconf 87' lang='lat' dir='ltr'><strong>scrobiculis</strong></span> <span class='ocrx_word' id='word_1_356' title='bbox 636 4867 802 4959; x_wconf 84' lang='lat' dir='ltr'><strong>littoreis,</strong></span> <span class='ocrx_word' id='word_1_357' title='bbox 825 4891 914 4962; x_wconf 83' lang='lat' dir='ltr'><strong>aqva</strong></span> <span class='ocrx_word' id='word_1_358' title='bbox 930 4872 1069 4943; x_wconf 82' lang='lat' dir='ltr'><strong>marina</strong></span> <span class='ocrx_word' id='word_1_359' title='bbox 1082 4873 1258 4962; x_wconf 81' lang='lat' dir='ltr'><strong>stagnanti</strong></span> <span class='ocrx_word' id='word_1_360' title='bbox 1274 4872 1436 4963; x_wconf 88' lang='lat' dir='ltr'><strong>repletis,</strong></span> <span class='ocrx_word' id='word_1_361' title='bbox 1457 4883 1541 4945; x_wconf 85' lang='lat' dir='ltr'><strong>ante</strong></span> <span class='ocrx_word' id='word_1_362' title='bbox 1552 4871 1681 4943; x_wconf 88' lang='lat' dir='ltr'><strong>ostium</strong></span> 
     </span>
    </p>
   </div>
   <div class='ocr_carea' id='block_1_11' title="bbox 124 4972 1402 5207">
    <p class='ocr_par' dir='ltr' id='par_1_12' title="bbox 124 4972 1402 5207">
     <span class='ocr_line' id='line_1_39' title="bbox 124 4972 1402 5092; baseline 0.002 -18"><span class='ocrx_word' id='word_1_363' title='bbox 124 4972 227 5074; x_wconf 71' lang='lat' dir='ltr'><strong>sirius</strong></span> <span class='ocrx_word' id='word_1_364' title='bbox 244 4997 417 5072; x_wconf 81' lang='lat' dir='ltr'><strong>Oxeiiord</strong></span> <span class='ocrx_word' id='word_1_365' title='bbox 428 5000 627 5092; x_wconf 77' lang='lat' dir='ltr'><strong>Norregiae.</strong></span> <span class='ocrx_word' id='word_1_366' title='bbox 1395 5068 1402 5077; x_wconf 94' lang='lat'><strong>.</strong></span> 
     </span>
     <span class='ocr_line' id='line_1_40' title="bbox 1236 5120 1296 5207; baseline -0.083 -2"><span class='ocrx_word' id='word_1_367' title='bbox 1236 5120 1296 5207; x_wconf 83' lang='grc'><strong>(9)</strong></span> 
     </span>
    </p>
   </div>
   <div class='ocr_carea' id='block_1_12' title="bbox 0 0 2368 6088">
    <p class='ocr_par' dir='ltr' id='par_1_13' title="bbox 0 0 2368 6088">
     <span class='ocr_line' id='line_1_41' title="bbox 0 0 2368 6088; baseline 0 2"><span class='ocrx_word' id='word_1_368' title='bbox 0 0 2368 6088; x_wconf 95' lang='lat' dir='ltr'><strong> </strong></span> 
     </span>
    </p>
   </div>
  </div>
 </body>
</html>
