4772 6106
532 499 706 576 sueno
731 497 968 575 sucUNDA:
1029 494 1329 581 VAUCHERIA.
1619 515 1667 588 31

217 723 278 800 14.
335 712 383 788 V.
403 716 624 809 eaespitoso5
646 714 714 787 filis
733 714 975 807 capillaribus,
999 716 1205 806 caespitosis,
1232 710 1628 806 dichotomo·rumosis;
1651 739 1719 788 ra·
1741 710 1833 785 st.
1851 723 1915 797 23:

133 855 207 924 mis
220 852 356 923 ultimis
380 851 683 942 horinontalibus,
708 852 896 939 secundis,
918 847 1172 946 vesiculiferis5
1199 847 1364 924 vesicuis
1388 847 1503 940 binis,
1527 847 1717 943 sessiiibus,

130 987 409 1077 terminalibus,
434 1011 547 1058 cornu
561 989 778 1060 intermedio
793 995 904 1057 recto.

268 1147 438 1205 Vauolren'a
457 1160 607 1223 eoespt'tosa
632 1153 680 1224 Ag.
702 1152 765 1224 Syn.
784 1170 813 1223 p.
831 1161 876 1222 455.

265 1249 452 1324 Eesospsrma
472 1263 621 1325 eoespttosa
639 1254 748 1309 Vtueh.
768 1274 795 1326 p.
816 1266 859 1315 23.
880 1250 951 1307 Tel).
971 1268 996 1304 2.
1020 1251 1063 1322 fig.
1082 1267 1110 1322 4.

268 1352 419 1426 conferva
428 1355 597 1427 fontinella
612 1355 803 1411 Blumenbtch
822 1360 917 1415 &tells
939 1360 1020 1425 bilae.
1039 1365 1116 1424 1781.
1136 1356 1272 1424 Scitum·
1293 1359 1345 1416 &ts
1354 1371 1378 1413 1.
1400 1373 1427 1426 tt.
1440 1365 1529 1427 80289.
1550 1375 1613 1411 sum
1630 1358 1721 1412 icones

136 1499 286 1573 Habitat
297 1499 336 1566 in
352 1507 452 1567 terra
464 1499 538 1567 uda
550 1498 740 1592 argillacee
753 1498 802 1567 ad
815 1493 946 1586 Kbrup
964 1495 1123 1583 Fioniae,
1148 1494 1304 1588 alibique
1326 1499 1372 1566 ad
1388 1497 1507 1569 sontes
1529 1522 1640 1592 puros
1663 1499 1722 1569 le·

137 1637 233 1706 niter
246 1632 413 1723 fluentes,
436 1642 572 1703 terram
593 1632 650 1704 his
670 1636 877 1729 contiguam
902 1631 1013 1699 udam
1030 1631 1222 1722 obtegens,
1248 1638 1305 1697 sat
1322 1629 1489 1726 vulgaris.

186 1798 311 1866 DESC.
357 1798 487 1888 Caespes
506 1797 728 1865 densissimus.
772 1792 844 1860 Fila
858 1790 1016 1884 capillum
1026 1792 1209 1858 humanum
1232 1791 1377 1859 crassitie
1401 1795 1640 1884 ειὼωῳαυιία,
1666 1797 1721 1862 iu-

274 1902 364 1968 icme
377 1901 539 1982 flexuosa,
562 1901 808 1980 decumbentis,
832 1915 1020 1989 terramque
1038 1899 1381 1989 saepeperrcptantia,
1404 1898 1554 1989 hyalino,
1578 1924 1722 1989 superne

274 2002 392 2087 erecta,
430 2006 631 2072 dichotoma.
692 2003 822 2074 Remuli
844 2005 974 2094 apicem
1002 2010 1115 2069 versus
1137 2000 1389 2067 horizontaliter
1412 2001 1537 2090 patuli,
1572 2002 1720 2082 secundi,
1840 2004 1845 2009 ’

273 2114 379 2203 apices
405 2127 574 2177 ramorum
597 2134 728 2202 semper
751 2110 869 2187 erecti,
899 2103 1112 2173 vesiculiferi.
1166 2101 1326 2168 Vesiculae
1348 2105 1451 2181 bium,
1483 2102 1646 2185 globosae,
1686 2107 1722 2171 iu

270 2216 418 2309 apicibus
433 2214 637 2283 ramulorum
652 2215 806 2311 opposite
823 2206 1022 2278 terminales.
1071 2202 1183 2270 Filum
1195 2204 1288 2295 apice
1303 2219 1398 2269 acuto
1415 2221 1506 2271 recto
1528 2207 1614 2273 inter
1634 2210 1721 2275 vesi-

272 2319 360 2388 culas
376 2319 547 2412 paululum
561 2319 756 2414 plerumqve
771 2315 1008 2411 prolongatur,
1033 2334 1140 2378 cornu
1153 2309 1326 2375 mentiens.
1374 2306 1477 2375 Color
1499 2313 1637 2402 caespitis
1662 2338 1721 2378 su-

268 2429 376 2519 premi
392 2427 598 2507 atroviridis,
623 2427 746 2507 infimi,
771 2420 924 2491 sabulum
937 2416 1177 2515 perreptantis‚
1196 2411 1333 2481 sordide
1354 2411 1460 2512 luteus
1482 2413 1534 2481 vel
1557 2414 1718 2505 hyalinus,

268 2531 402 2599 filorum
416 2531 520 2598 diluta
536 2530 664 2613 viridis,
690 2527 909 2599 vesicularum
922 2525 1110 2593 saturatior.
1158 2517 1345 2587 Substantia
1358 2519 1614 2601 membranacea,
1640 2521 1724 2601 sub-⁴

268 2655 373 2707 tenax.
421 2641 553 2706 Annua.
601 2639 715 2704 Primo
735 2659 823 2701 vere.
873 2632 1005 2698 Cbartae
1021 2653 1039 2692 a
1054 2623 1169 2694 sabulo
1188 2641 1327 2717 purgata
1349 2623 1504 2691 adhaeret.

191 2760 281 2831 OBS.
320 2762 467 2843 Remuli,
501 2762 558 2852 qvi
579 2762 614 2824 in
639 2756 896 2825 extremitatibus
921 2750 1047 2820 steriles
1070 2767 1161 2830 sunt,
1195 2758 1302 2814 massa
1320 2747 1479 2815 intensius
1504 2748 1603 2815 viridi
1627 2749 1723 2819 iarcti

275 2868 333 2936 sub
351 2867 437 2936 lente
453 2865 723 2956 conspiciuntur,
749 2888 789 2929 ex
803 2861 925 2927 horum
940 2856 1105 2949 apicibus,
1131 2855 1158 2919 si
1175 2851 1309 2921 cultello
1325 2852 1378 2921 vel
1395 2852 1494 2921 simili
1511 2853 1655 2946 quodam
1667 2857 1723 2922 in-

248 3031 250 3037 ,
272 2992 452 3041 strumento
469 2987 662 3055 tangantur,
687 2965 803 3060 pollen
819 2963 1006 3041 interdum,
1031 2957 1149 3026 tumuli
1165 2961 1279 3040 instar,
1301 2960 1335 3028 vi
1351 2983 1504 3027 emanare
1518 2961 1722 3031 observatur.

272 3079 453 3167 Contendit
469 3095 584 3143 auctor
600 3074 735 3167 quidam
750 3071 978 3148 Germanicus,
1003 3064 1051 3133 Ν.
1065 3091 1098 3132 v.
1113 3065 1303 3145 Esenbecb,
1326 3068 1520 3134 sententiam
1534 3067 1677 3133 Mulieri
1691 3085 1724 3133 et

271 3185 486 3277 Ingenbonsii
507 3198 653 3263 secutus,
691 3181 757 3248 hoo
780 3175 896 3269 pollen
923 3197 993 3239 esse
1013 3170 1208 3238 animalcula
1231 3171 1408 3254 infusoria,
1441 3172 1720 3266 quemadmodum

270 3290 645 3359 Girod—Clmnlronsins
658 3284 781 3365 voluit,
808 3277 1019 3369 Conservam
1027 3277 1260 3367 glomeratam
1284 3304 1353 3347 esse
1374 3278 1566 3371 Polypum,
1589 3297 1621 3346 et
1643 3301 1721 3364 gra-

268 3396 346 3464 nula
360 3398 396 3462 in
414 3393 558 3460 articulis
574 3417 686 3485 sparsa
702 3414 773 3458 esse
787 3385 885 3456 ovula
899 3386 996 3469 bujus
1013 3382 1212 3452 animalculi.
1262 3386 1316 3451 Sic
1341 3387 1440 3453 etiam
1468 3388 1511 3454 L.
1532 3385 1570 3453 C.
1598 3385 1722 3453 Trevi-

271 3526 378 3567 tonus
395 3501 432 3563 in
447 3496 590 3564 articulis
604 3493 785 3583 Confervoe
796 3493 1002 3583 glomerate
1031 3489 1235 3575 aliarumque
1254 3492 1412 3572 omniuo,
1435 3509 1472 3557 ut
1493 3492 1649 3561 affirmat,
1675 3490 1720 3555 il-

273 3600 357 3667 lusis
373 3605 564 3665 immensam
580 3598 768 3662 Monodum
781 3597 968 3674 congeriem
988 3594 1076 3658 visus
1100 3607 1149 3658 est
1168 3590 1231 3654 sibi
1251 3591 1379 3671 videre,
1408 3594 1480 3674 (tir.
1504 3592 1595 3662 ibib.
1619 3593 1720 3661 uelle.

282 3694 847 3784 tutffloturt.2ssb·u.126-141)3
868 3715 909 3781 ¹et
930 3699 1025 3787 Bury
1045 3694 1087 3761 de
1109 3695 1157 3761 St.
1177 3692 1323 3761 Vincent
1342 3697 1377 3760 in
1398 3696 1570 3781 Confervo
1595 3721 1720 3783 scopo·

277 3807 333 3869 ria
344 3828 441 3870 veros
456 3826 490 3867 se
508 3799 677 3885 indagasse
691 3797 838 3888 Polypos
852 3802 994 3869 credidit
1008 3802 1078 3886 (tit.
1091 3801 1224 3885 Θῴϊαδ.
1234 3803 1356 3880 Suum.
1377 3816 1394 3874 1
1411 3804 1453 3876 lb,
1471 3814 1563 3875 1600·
1581 3816 1613 3886 ll·
1628 3800 1718 3885 445).

275 3908 410 3974 Cunetae
426 3931 506 3975 vero
520 3904 585 3973 iilae
600 3906 842 3973 observationes
860 3933 930 3975 non
944 3926 1036 3975 extra
1049 3933 1180 3976 omnem
1201 3909 1414 3976 dubitationis
1440 3907 1561 3989 aleam,
1586 3933 1638 3974 me
1662 3913 1716 3994 ju·

274 4012 365 4093 dice,
386 4014 502 4104 positu
516 4027 610 4092 sunt,
635 4033 695 4096 ego
711 4010 865 4102 eqvidem
877 4037 1049 4105 nunqnam
1066 4040 1118 4082 me
1133 4013 1195 4083 tale
1211 4013 1292 4106 qvid
1309 4013 1429 4080 vidisse
1443 4015 1584 4098 ingenue
1600 4014 1716 4096 fateor,

272 4118 428 4207 virosque
443 4115 591 4182 laudatos
607 4134 640 4182 et
654 4115 889 4184 celeberrimos
906 4118 1034 4186 fallaciis
1049 4123 1158 4213 optici
1175 4119 1329 4209 deceptos
1346 4144 1431 4201 esse,
1457 4119 1548 4211 qvod
1568 4121 1603 4186 in
1618 4122 1718 4189 rebus

269 4240 334 4288 tam
349 4221 503 4287 tenuibus
517 4218 613 4286 facile
626 4220 697 4286 lieri
710 4239 839 4313 potest,
863 4247 1044 4316 eorumque
1058 4228 1230 4317 opiniones
1252 4248 1371 4313 parum
1388 4224 1539 4293 fundatas
1556 4226 1597 4293 ad
1612 4250 1717 4294 moras

270 4326 498 4417 hypotheticas
515 4350 585 4392 esse
603 4324 803 4410 relegendas,
826 4353 897 4395 non
912 4328 1052 4396 multum
1066 4330 1166 4409 abest,
1191 4329 1270 4418 qvin
1286 4327 1428 4392 credam.
1446 4364 1487 4378 -
1511 4329 1718 4416 Conservam

265 4427 477 4519 fontinalem
492 4430 611 4496 Blnm.
628 4429 651 4495 l.
666 4456 713 4511 e.,
738 4435 935 4500 assentiente
951 4435 1021 4501 Cel.
1037 4433 1162 4500 Rotlts'o
1176 4434 1261 4519 (Cat.
1278 4431 1346 4498 bot.
1361 4442 1392 4503 3.
1406 4455 1441 4523 p.
1459 4431 1552 4512 196),
1576 4433 1641 4497 buc
1659 4458 1717 4498 re-

181 4528 187 4537 '
273 4531 350 4616 tuli3
365 4560 472 4627 neqve
489 4552 595 4601 umen
611 4559 664 4603 me
678 4535 772 4620 sugit,
791 4536 862 4601 Cel.
878 4541 1050 4605 Mobrium
1067 4561 1138 4603 eam
1153 4534 1409 4623 adConfervom
1424 4535 1584 4603 limosam
1592 4535 1716 4604 Dillio.

276 4639 484 4708 nanstulisse.
510 4643 582 4724 (tlt.
601 4642 738 4727 &urob
756 4641 879 4719 zeum
902 4656 920 4715 1
936 4643 979 4713 b.
996 4654 1089 4718 1801·
1108 4656 1139 4726 u.
1158 4639 1245 4721 472.)

401 4841 452 4877 ***
499 4836 657 4902 ossiculis
665 4836 839 4926 pluribus.

212 5000 270 5075 15.
325 4992 372 5064 V.
401 5015 616 5084 racemosa,
650 4993 720 5066 filis
744 4943 995 5090 capillarum,
1020 4996 1255 5092 dichotomis5
1291 4994 1456 5070 veriettlis
1478 4998 1518 5069 in
1536 5015 1721 5071 racemum
1746 4994 1836 5068 Tab.
1852 5005 1913 5077 23.

117 5125 421 5229 pedunculatum
437 5133 628 5226 congestis.

1242 5252 1324 5342 (11)
