4812 6096
977 482 1359 559 ,sEc'rIOJSEXTn‘
1421 479 1677 557 APPENDIX.

558 728 568 757 ‚
764 725 768 731 -
1074 631 1601 776 apennnrn

1279 847 1285 858 ο

1244 878 1437 897 ff

354 1002 445 1078 Tgb,
461 1013 523 1089 70,
548 960 639 1066 ὸΒδ.
664 966 704 1071 1.”
753 956 973 1076 Glojonemo
986 992 1203 1080 paradoxum
1217 995 1276 1077 Ag.
1286 994 1380 1082 Disp.
1396 1014 1430 1081 p.
1444 996 1496 1064 45.
1513 1007 1545 1054 et
1562 989 1641 1079 Syn.
1650 1014 1685 1082 p.
1696 1002 1767 1064 120.
1795 1026 1836 1042 -
1858 992 1950 1058 Hane
1967 994 2120 1084 speciem,

640 1133 711 1202 qvae
727 1103 861 1200 quidem
874 1108 955 1171 mihi
969 1104 1118 1171 nondum
1136 1108 1298 1185 occurrit,
1322 1108 1411 1190 juxta
1427 1103 1622 1195 exemplaria
1643 1106 1779 1189 siccata,
1809 1131 1880 1198 qvae
1895 1106 1963 1174 vidi
1970 1156 1979 1188 ‚
2009 1109 2120 1197 potius

639 1226 753 1310 generi
767 1224 916 1312 Bangioe
935 1245 1033 1311 qvam
1049 1244 1151 1306 regno
1173 1219 1305 1287 animali
1320 1219 1600 1286 annumerandam
1619 1245 1687 1288 esse
1708 1225 1839 1314 opinor

354 1391 445 1465 Tab
466 1397 526 1472 70.
551 1385 643 1454 OBS.
667 1399 699 1460 2
746 1380 815 1450 Pol
814 1381 959 1450 lenPt‘ni
973 1406 1012 1471 sy
1012 1382 1154 1448 lvestris.
1186 1382 1293 1445 Massa
1309 1380 1403 1459 flava,
1418 1379 1634 1446 minutissime
1651 1379 1834 1464 granulosa,
1848 1381 2031 1471 superficiei
2045 1406 2119 1447 ma-

532 1538 534 1545 *
636 1505 682 1569 ris
696 1498 911 1588 lacuumqve
901 1514 1050 1563 mnatans
1067 1513 1122 1562 aut
1137 1494 1220 1560 ad
1192 1521 1281 1586 ripas
1295 1498 1394 1580 ejecta
1411 1496 1471 1559 sub
1486 1496 1586 1561 finem
1599 1497 1718 1562 mensis
1732 1497 1813 1579 Maji
1829 1513 1860 1560 et
1873 1496 1939 1559 ul>
1930 1499 2118 1564 rnitioJunii

637 1614 998 1703 interdumreperitur,
1024 1637 1095 1702 qvae
1119 1610 1200 1675 lenti
1222 1610 1404 1693 subjectae
1433 1611 1576 1694 granulis
1600 1611 1785 1677 solitariis
1776 1612 1919 1676 1neu1vis
1941 1610 1993 1677 vel
2016 1614 2118 1677 ovatis

638 1747 806 1799 constant.
832 1726 978 1795 orcularn
992 1727 1227 1815 referentibus,
1252 1728 1404 1814 utrinque
1418 1728 1542 1791 obtusis
1560 1745 1592 1792 et
1607 1727 1882 1811 nigrescentibus,
1910 1725 2019 1793 medio
2038 1727 2120 1791 sub·

553 1928 560 1935 .
637 1843 829 1938 pellucidis,
856 1840 1120 1920 flavescentibus,
1145 1838 1331 1905 reticulatis.
1379 1841 1471 1928 Qvid
1487 1842 1677 1907 essenthaee
1692 1840 1842 1926 granula,
1870 1865 1945 1908 cum
1971 1841 2027 1906 diu
2048 1841 2119 1905 hae-

639 1964 789 2039 sitarem,
814 1958 948 2024 tandem
965 1981 1033 2022 csse
1055 1956 1180 2024 Pollen
1198 1956 1282 2021 Pini
1303 1957 1474 2043 sylvestris
1496 1958 1558 2024 suit
1580 1959 1797 2025 observatum.
1845 1958 1937 2023 Hanc
1960 1955 2121 2022 ohserva-

639 2074 834 2156 tiuncularn,
863 2073 940 2139 licet
954 2097 1050 2137 sensu
1065 2073 1220 2137 strictiori
1234 2071 1298 2136 huc
1320 2096 1389 2137 non
1405 2074 1567 2162 pertineat
1582 2092 1614 2138 et
1633 2098 1694 2164 per
1718 2098 1751 2139 se
1777 2075 1818 2137 sit
1840 2054 1937 2152 letis,
1968 2073 2117 2137 omittere

640 2210 747 2258 tamen
763 2187 872 2269 nolui,
894 2186 1038 2267 ocellis,
1062 2188 1179 2277 qvihus
1196 2185 1265 2250 haee
1279 2208 1382 2249 massa
1400 2187 1495 2253 obvia
1511 2188 1618 2266 fieret,
1645 2189 1681 2251 in
1696 2188 1841 2272 ejusdem
1863 2184 1989 2271 origine
2010 2202 2043 2252 et
2062 2188 2118 2250 in-

587 2348 591 2357 ,
641 2306 721 2397 dole
729 2305 848 2369 diutius
868 2308 955 2388 justo
980 2326 1062 2394 aqva
1084 2302 1232 2368 haereret.
1280 2303 1366 2367 Ante
1380 2298 1504 2389 aliqvot
1524 2326 1625 2371 annos
1638 2301 1773 2381 accidit,
1798 2302 1888 2391 qvod
1902 2303 2043 2371 relatum
2057 2324 2115 2366 ae-

637 2422 729 2511 eepi,
756 2438 792 2484 ut
807 2416 919 2511 pluvia
933 2417 1126 2509 sulphurea,
1148 2441 1219 2507 qvas
1240 2415 1378 2496 dieitur,
1405 2434 1552 2506 tempore
1575 2415 1700 2483 vernali
1723 2417 1885 2508 oppidum
1905 2416 2057 2504 Hafoioe
2081 2434 2112 2481 et

638 2535 710 2604 loca
731 2536 836 2600 vicina
859 2534 1043 2611 invaderet,
1065 2531 1235 2623 pulverem
1256 2531 1377 2596 flavum
1397 2556 1507 2597 seeum
1526 2534 1651 2612 serens,
1674 2555 1811 2622 eumqve
1833 2534 1868 2596 in
1890 2534 1969 2612 viis,
1993 2533 2112 2616 stagnis

637 2652 792 2741 tectisqve
812 2642 946 2739 copiose
966 2648 1172 2737 relinqvens3
1196 2672 1256 2713 nec
1281 2632 1416 2727 dubito,
1441 2649 1522 2738 qvin
1542 2649 1601 2713 iste
1624 2646 1733 2736 pulvis
1757 2647 1856 2712 fuerit
1877 2646 1990 2738 pollen
2013 2646 2111 2725 idern,

637 2765 678 2832 de
692 2790 757 2856 qvo
772 2766 826 2831 hie
841 2789 948 2831 sermo
964 2781 1128 2842 versatum
1149 2762 1236 2827 unde
1249 2786 1328 2827 vero
1345 2764 1379 2826 in
1393 2780 1479 2827 tauta
1494 2764 1590 2853 eopia
1605 2765 1762 2843 venisset,
1784 2786 1852 2828 non
1867 2761 1962 2828 facile
1978 2780 2027 2828 est
2041 2760 2113 2828 die-

568 2942 584 2979 .‘
635 2897 671 2945 tu
677 2907 688 2961 3
707 2879 817 2946 forsan
832 2905 850 2943 e
865 2881 998 2963 regione
1012 2876 1251 2967 Megapolitana
1268 2875 1318 2941 vel
1333 2878 1542 2958 Pomerania,
1565 2879 1622 2942 uhi
1637 2880 1749 2967 pineta
1764 2879 1897 2968 copiosa
1913 2902 1981 2944 esse
1995 2877 2114 2942 dieun-

633 3013 699 3063 tur.
745 2996 785 3059 Iu
804 2994 877 3057 sinu
902 2991 1057 3067 Codano,
1081 2989 1200 3078 procul
1225 3014 1243 3053 a
1266 2989 1377 3055 littore
1399 2994 1541 3073 Sveciae,
1564 2992 1655 3083 qvod
1677 2995 1773 3069 nobis
1796 2995 2022 3075 navigantibus
2045 2991 2113 3057 lere

632 3124 825 3187 recesserat,
852 3109 963 3173 striarn
979 3103 1096 3170 flavam
1109 3102 1271 3193 latamqve
1287 3105 1348 3167 sub
1365 3106 1464 3170 finem
1478 3109 1558 3189 Maji
1579 3106 1663 3187 vidi,
1688 3108 1873 3199 superficiei
1895 3109 1995 3173 maris
2019 3125 2112 3172 tran·

535 3230 540 3241 ¹
633 3222 731 3315 qvilli'
743 3244 804 3312 per
818 3222 953 3305 longum
969 3236 1109 3285 tractum
1123 3219 1340 3298 innatantem,
1364 3242 1435 3308 qvae
1451 3221 1586 3309 qvidem
1602 3245 1621 3284 a
1635 3224 1742 3287 nantis
1763 3246 1827 3311 pro
1851 3222 1957 3288 ovulis
1971 3224 2112 3310 piscium

632 3335 796 3404 venditata
816 3334 894 3413 fuit,
915 3334 973 3400 sed
989 3333 1174 3416 diligentius
1192 3334 1337 3423 inspecta
1355 3333 1469 3424 pollen
1484 3353 1634 3402 nostrum
1653 3361 1723 3402 esse
1738 3337 1911 3425 apparuit3
1936 3353 2110 3402 ventorum

631 3452 731 3534 igitur
747 3473 811 3537 ope
826 3447 941 3537 pollen
957 3447 1039 3511 illud
1053 3470 1071 3510 e
1085 3445 1270 3531 longinqvis
1293 3448 1480 3525 regionibns
1501 3475 1560 3534 per
1581 3462 1690 3517 aerem
1713 3450 1794 3521 ferri
1817 3449 1866 3515 hae
1887 3462 1941 3515 re's
1962 3452 1997 3514 in
2020 3450 2107 3517 facto
2158 3526 2167 3538 ,

631 3566 746 3658 posita
758 3578 952 3628 monstrant.
1000 3559 1101 3648 Qvod
1114 3558 1191 3623 huic
1209 3554 1329 3648 pollini
1344 3580 1406 3620 usu
1420 3560 1530 3636 venit,
1554 3559 1590 3623 id
1606 3562 1703 3624 etiam
1717 3565 1892 3623 seminibus
1906 3566 2109 3641 Muscorum,

629 3682 660 3748 F
663 3701 823 3764 angorum
838 3675 1041 3767 sliornmqve
1055 3691 1341 3765 cryptogamorum
1362 3672 1586 3739 minutissimis
1608 3676 1739 3741 evenire
1759 3689 1882 3764 potest,
1912 3695 2035 3763 neqve,
2058 3698 2112 3742 me

572 3852 578 3859 .
636 3794 758 3880 judice,
779 3794 814 3856 iu
823 3792 942 3857 harum
948 3792 1142 3883 plantarum
1154 3790 1348 3872 migratione
1365 3788 1559 3878 exponenda
1575 3813 1659 3882 opus
1672 3810 1737 3874 est,
1759 3804 1796 3859 ut
1809 3786 1852 3856 ad
1872 3803 2019 3856 veterum
2032 3792 2111 3882 opi÷

574 3956 579 3963 -
634 3906 768 3977 aionem
781 3905 823 3973 de
836 3906 1055 3976 Generatione
1075 3907 1122 3975 sie
1137 3903 1225 3973 dicta
1242 3905 1409 3995 aqviveea
1424 3902 1617 3988 refugiatur.
