4812 6096
697 508 773 592 194
900 497 1074 570 sueno
1099 496 1271 571 SEXTA.
1323 495 1684 577 CHAETOPHORA
1710 500 1748 580 8<
1770 506 1981 585 LINCKIA.

728 712 731 719 “
779 722 831 772 tra
844 706 1060 771 substantiam
1076 721 1178 770 totam
1193 702 1348 771 frondem
1364 707 1608 780 constituentia,
1632 711 1667 777 in
1683 716 1787 780 massi
1810 738 1931 805 aqvose
1944 716 2111 808 pellucidb
2127 721 2228 789 uidu-

776 808 896 888 tantia,
923 810 1133 891 densissima,
1156 808 1332 900 parallela,
1356 827 1463 889 reeta,
1486 812 1664 902 simplicia,
1689 818 1858 885 interdum
1877 820 2066 890 dichotoma
2084 826 2135 893 vel
2155 829 2229 918 api-

776 938 814 980 ce
829 912 950 991 bifida,
976 913 1130 1004 aequalia,
1156 916 1249 1004 apice
1264 939 1385 1006 parum
1401 933 1574 997 attenuata,
1599 921 1778 989 articulata.
1822 927 1964 993 Articuli
1981 929 2141 997 diametro
2159 955 2229 997 ses·

779 1018 1012 1110 qvilongiores,
1037 1021 1142 1095 rosei,
1164 1019 1220 1085 >vel
1239 1018 1498 1101 monilil'ormes,
1514 1021 1656 1111 'hyalini
1702 1027 1804 1095 Color
1822 1029 1951 1097 frondis
1968 1036 2227 1115 atrorubesceus‚

777 1123 910 1190 filorum
926 1124 987 1188 sub
1005 1122 1092 1189 lente
1107 1122 1210 1189 dilute
1225 1149 1349 1190 roseus.
1391 1124 1585 1191 ‘Substantia
1601 1130 1756 1208 coriacea‚
1776 1132 1915 1200 lubrica.
1963 1139 2050 1204 Vere
2068 1155 2228 1205 ctaestate.

777 1227 908 1295 Chartae
924 1227 1080 1295 adhaeret.
1127 1230 1271 1296 irrorata
1288 1253 1389 1320 ocyus
1407 1230 1593 1312 reviviscit,
1616 1255 1678 1301 nec
1694 1235 1837 1303 siccitate
1851 1257 2008 1308 mutatur.

1277 1447 1625 1471 w*

1116 1664 1258 1756 mv.
1324 1666 1777 1784 eruemus),

695 1844 790 1908 Masta
808 1844 977 1916 galatiuosa,
998 1844 1124 1919 elongata
1141 1848 1184 1902 vel
1202 1848 1333 1922 globosa,
1363 1850 1414 1904 filis
1431 1850 1619 1923 simplicibus,
1638 1852 1737 1913 rectit,
1758 1850 1940 1916 acuminatis,
1969 1848 2118 1907 articulatis
2134 1848 2176 1905 vel

1284 1941 1477 1997 subcontinuis
1499 1940 1595 1996 iarcta.

903 2119 927 2155 *
973 2136 1070 2204 oqvoe
1093 2118 1205 2182 salsoe.

445 2283 538 2357 Tab,
557 2288 617 2368 δᾶ
723 2286 756 2353 1.
793 2260 854 2342 L.
870 2274 1034 2344 Zosteroe
1044 2294 1059 2358 ,⁰
1080 2271 1210 2343 fronde
1228 2272 1411 2369 elongata,
1433 2283 1567 2365 terete,
1593 2274 1726 2366 solida,
1751 2277 1897 2370 aeqvali3
1922 2277 2032 2346 ramis
2046 2275 2227 2364 brevibus,

641 2408 866 2501 patentibus,
888 2405 956 2476 filis
978 2408 1075 2476 intra
1089 2409 1327 2479 substantiam
1357 2412 1493 2500 densis,
1518 2409 1759 2502 simplicibus,
1786 2408 2059 2482 horizontaliter
2079 2407 2226 2502 patulis,

643 2542 858 2635 articulatis3
884 2539 1044 2611 articulis
1062 2530 1238 2613 diametro
1263 2543 1374 2635 duplo
1393 2544 1625 2637 longioribus.

773 2707 930 2767 lit'vularia
946 2711 1080 2762 Zostera
1103 2708 1190 2763 Mobr
1209 2709 1238 2762 in
1260 2707 1342 2763 wsb.
1360 2708 1444 2765 Beitr.
1465 2708 1523 2762 Th.
1542 2727 1567 2772 a,
1588 2728 1616 2783 p.
1635 2710 1695 2780 567.

639 2849 795 2920 Habitat
815 2851 853 2920 in
878 2854 962 2921 sinu
986 2850 1281 2942 Flenopolltan03
1310 2848 1427 2920 Herb.
1449 2852 1725 2921 Homemnnt
1759 2888 1811 2905 -
1844 2851 1902 2922 Ad
1927 2851 2028 2923 littus
2050 2847 2228 2929 Holsatioe

639 2987 736 3054 inter
752 2982 888 3055 Kiliam
908 2994 946 3051 et
964 2982 1232 3073 Eckernl'tirde3
1257 2983 1322 3052 Dr.
1340 2983 1465 3053 Mobr.
1490 3024 1543 3039 —
1562 2983 1625 3057 Ad
1638 2987 1739 3057 littus
1757 2987 2032 3075 maris'Codani,
2051 2985 2227 3077 peninsu-

638 3115 712 3187 lam
727 3116 818 3187 Hals
837 3137 951 3208 prope
967 3114 1237 3210 Hofrnansguve
1253 3116 1391 3184 Fioniae
1406 3117 1593 3207 alluentis,
1620 3119 1700 3189 basi
1718 3118 1920 3210 Gigartinae
1935 3116 2227 3211 purpuramentis

637 3251 816 3337 insidens,
840 3250 966 3318 rarius.
995 3285 1042 3301 -
1069 3250 1112 3320 In
1138 3250 1288 3317 Zostera
1310 3251 1450 3318 marina
1478 3251 1525 3323 ud
1550 3251 1653 3321 littus
1680 3249 1883 3320 Hafniense
1908 3273 2025 3342 prope
2046 3248 2227 3319 officinam

639 3381 828 3454 calcariam
842 3383 978 3453 amicus
995 3384 1195 3457 Honsteen
1213 3390 1251 3448 et
1265 3406 1333 3471 ego
1350 3382 1512 3475 legimus.

679 3544 805 3613 DESC.
851 3545 960 3611 Frons
976 3561 1080 3624 teres,
1102 3540 1227 3619 solida,
1258 3535 1455 3623 gelatinosa,
1480 3542 1944 3628 semipullicarilongitudine,
1978 3567 2089 3609 ramos
2109 3543 2229 3604 breves

771 3666 917 3742 patentes
933 3648 988 3715 hic
1005 3646 1073 3713 illic
1086 3647 1248 3712 emittens.
1292 3642 1364 3707 Fila
1379 3667 1419 3708 ex
1436 3645 1603 3710 communi
1618 3644 1746 3711 frondis
1765 3670 1823 3710 axe
1838 3643 2055 3735 prodeuntia,
2077 3644 2114 3706 in
2125 3642 2230 3708 masaia

773 3778 894 3845 aquose
916 3751 1083 3842 pellucidd
1104 3749 1247 3829 inclusa,
1277 3747 1457 3840 simplicia,
1494 3748 1564 3813 basi
1587 3773 1658 3814 non
1673 3768 1830 3829 connata,
1863 3746 1922 3814 sed
1945 3745 2072 3831 singula
2092 3745 2230 3813 liberae

772 3882 878 3924 massa
900 3855 1078 3939 gelatinosa
1100 3855 1265 3930 exeuntia,
1295 3850 1548 3918 horizontaliter
1562 3853 1692 3944 patula,
1724 3855 1789 3921 huc
1808 3853 1887 3919 illuc
1902 3856 2058 3931 incurva,
2073 3849 2226 3940 aequalia,

775 3962 903 4049 apicem
926 3970 1175 4045 versusparum
1195 3974 1370 4022 attenuata.
1430 3956 1573 4021 Articuli
1596 3957 1756 4023 diametro
1780 3958 1859 4047 Qplo
1880 3956 2063 4039 longiores,
2095 3955 2228 4035 virides,

778 4063 876 4127 ovati.
923 4058 1082 4125 Genicula
1098 4058 1281 4150 pellucidis,
1305 4083 1373 4124 non
1391 4075 1569 4124 contracta.
1608 4059 1719 4126 ·Color
1735 4060 1838 4126 dilute
1855 4060 1980 4142 viridis,
2004 4058 2228 4147 subbyalinus.

775 4165 962 4257 Substantia
983 4164 1178 4251 gelatiuosa,
1202 4162 1343 4229 lubrica.
1385 4164 1482 4232 Vere.
1529 4160 1659 4227 Chartae
1679 4182 1767 4230 arcte
1784 4164 1940 4233 adhaeret.

692 4320 784 4389 OBS.
830 4320 952 4386 Habitu
967 4316 1099 4409 quidem
1118 4313 1160 4381 ad
1174 4317 1396 4381 Rivulurium
1404 4310 1601 4401 suriculam
1614 4317 1718 4381 Roth.
1741 4318 1829 4407 (Cat.¹
1840 4319 1910 4381 bot.
1924 4327 1957 4393 3,
1981 4339 2015 4405 p.
2028 4313 2127 4412 334),
2152 4338 2225 4379 ma-

580 4419 584 4426 ’
776 4427 822 4493 ris
841 4423 1073 4491 mediterranei
1095 4419 1254 4495 incolam,
1287 4419 1442 4485 accedere
1463 4419 1614 4501 videtum
1650 4418 1709 4485 scd
1734 4421 1796 4485 filis
1818 4421 1883 4484 suis
1906 4420 1992 4483 intra
2013 4421 2228 4485 substantiam

764 4528 1024 4622 simplicissimis
1043 4528 1083 4592 ab
1099 4551 1136 4593 ea
1156 4527 1232 4592 satis
1250 4522 1371 4589 differt.
1394 4558 1437 4573 -
1460 4523 1530 4591 Sub
1548 4527 1685 4591 nomine
1700 4524 1852 4591 Lintioe
1874 4526 2025 4606 generico
2050 4527 2228 4593 Mis-beliue

776 4634 856 4701 duae
872 4635 971 4700 babet
994 4633 1137 4723 species,
1168 4655 1239 4725 qvae
1259 4652 1333 4695 meo
1351 4627 1559 4714 judicio-jam
1575 4626 1617 4697 ad
1633 4631 1757 4696 Nouae
1771 4653 1946 4694 noanneane
1964 4647 1997 4694 et
2012 4656 2229 4697 serranorum

774 4739 960 4829 pertineut3
991 4735 1074 4801 illud
1089 4761 1168 4803 vero
1183 4761 1254 4803 non
1269 4734 1425 4826 'unpedit‚
1449 4736 1641 4827 quominus
1656 4758 1780 4801 nornen
1793 4738 2000 4819 genoricum,
2032 4734 2124 4827 qvod
2143 4759 2229 4803 con·

779 4842 900 4918 stituit,
927 4841 1119 4904 retineatur.

687 5053 719 5128 *.)
765 5048 803 5109 Iu
827 5049 925 5107 animi
951 5059 1172 5127 argumentum
1203 5064 1278 5127 erga
1301 5047 1463 5107 Ioannem
1486 5043 1678 5114 Lincle'um,
1717 5044 2000 5128 Pbarmacopaeom
2028 5049 2227 5129 Lipsiensem

775 5154 1080 5236 prudentissimum,
1102 5170 1202 5236 genus
1218 5149 1350 5232 aliquod
1368 5150 1428 5212 aab
1444 5145 1508 5211 boc
1521 5153 1654 5213 nomine
1672 5151 1740 5213 Cel.
1755 5154 1932 5214 Micholius
1949 5152 2026 5214 olna
2042 5167 2227 5234 proposuit.
