4728 6088
928 430 1201 509 PRAEFATIO.
1825 461 1906 511 xxa

161 639 401 735 adhibere
428 659 654 765 possunt,
699 634 1047 760 cumpluribus
1075 639 1126 727 in
1153 635 1276 730 locis
1309 639 1644 762 copiosissime
1671 641 1740 730 ibi
1767 639 1955 737 adsunt.

158 793 303 918 Agris
326 807 561 913 praeterea
578 782 889 876 fertilioribus
914 781 1170 875 reddendis
1192 779 1474 907 sterquilinii
1494 781 1608 875 loco
1636 786 1829 907 ejusque
1849 793 1957 881 ino—

162 940 251 1060 pia
275 929 535 1027 commode
563 933 791 1023 inseruire
819 927 999 1041 ualent;
1040 932 1189 1018 sicin
1208 931 1466 1056 Noruegia,
1511 927 1677 1020 insulis
1701 933 1958 1026 Faeroensi·

161 1082 276 1193 bus,
323 1076 601 1172 Oreadibus
628 1075 836 1200 alibique
861 1105 1085 1203 maguam
1112 1107 1170 1167 ex
1192 1076 1251 1165 iis
1280 1073 1452 1167 incolae
1481 1080 1734 1197 quotannis
1759 1084 1957 1203 capiunt

138 1223 484 1341 ·ntilitatem*).
530 1226 768 1349 Neqve'in
785 1219 1030 1313 Medicina
1043 1218 1560 1342 Thalassiophytorum
1576 1218 1744 1314 laudes
1765 1222 1955 1340 desunt;

157 1372 549 1488 Dioscoridesfi')
583 1390 631 1462 et
652 1388 766 1493 post
783 1365 918 1460 illum
933 1367 1218 1483 Plutum)
1252 1361 1713 1484 nonnuliseorum,
1750 1404 1849 1495 quae
1867 1405 1957 1464 no·

220 1720 255 1803 ,*)
303 1720 415 1788 Verba
429 1719 572 1807 Stopelii
583 1720 649 1785 huc
662 1717 866 1811 aliquatenus
885 1716 1084 1807 pertinentia
1103 1712 1170 1780 hoc
1189 1711 1265 1780 loco
1281 1711 1398 1779 afferro
1411 1713 1522 1780 liceat:
1551 1715 1665 1783 ’Ἦοιιο
1688 1717 1792 1805 algam
1814 1722 1956 1809 (Fucum

307 1822 465 1914 quendam
481 1823 719 1915 Theophrasti)
744 1823 859 1890 rustici
873 1821 1041 1889 littoribus
1064 1822 1201 1903 ejectam
1221 1836 1254 1884 et
1269 1835 1376 1884 aestate
1399 1817 1598 1909 dispersam,
1630 1838 1666 1887 ut
1684 1823 1864 1907 feniseces,
1898 1854 1959 1911 ra-⁴

301 1927 400 1995 stellis
415 1928 638 2010 accumulant,
670 1945 702 1993 et
719 1929 753 1993 iu
772 1952 889 2019 campo
904 1927 1087 2017 expositam
1104 1922 1243 1989 furcillis
1266 1939 1414 2001 versant,
1446 1923 1555 2012 quoad
1574 1926 1680 2014 probe
1699 1929 1816 1995 siccata
1838 1933 1955 2015 suerit3

299 2032 419 2099 deinde
437 2034 544 2123 probe
560 2033 739 2099 arefactum
754 2033 845 2101 foeni
858 2034 962 2097 instar
983 2031 1018 2093 in
1034 2044 1135 2093 metas
1150 2044 1366 2097 construunt,
1397 2043 1453 2091 aut
1465 2029 1500 2091 in
1516 2026 1648 2093 foenilia
1663 2030 1715 2097 uel
1736 2033 1878 2122 palearia
1900 2040 1958 2102 in-

297 2137 429 2219 ierunt3
449 2162 550 2227 eaque
566 2156 657 2218 suut,
682 2162 753 2231 quae
769 2155 838 2203 turn
852 2151 1044 2228 praeparant
1057 2155 1219 2224 pecorum
1232 2131 1375 2196 boumve
1392 2130 1549 2219 hybernae
1567 2135 1776 2203 stabulationi
1793 2157 1957 2206 suamen·

298 2260 341 2308 ta.
403 2241 455 2306 Ex
479 2267 518 2309 eo
542 2245 598 2333 qui
618 2243 696 2309 hinc
721 2242 896 2308 conficitur
918 2241 1018 2320 fimo,
1055 2262 1150 2327 agros
1170 2237 1271 2300 nimia
1292 2234 1519 2320 defungatione
1536 2242 1710 2307 emaciatos
1730 2259 1763 2306 et
1781 2243 1955 2312 exhaustos

298 2364 498 2425 stercorant,
521 2345 598 2413 laeto
615 2364 758 2432 segetum
772 2363 950 2439 prouentu.
996 2345 1115 2412 Veneti
1134 2344 1173 2412 iis
1188 2342 1292 2405 vitrea
1310 2362 1397 2419 vasa,
1419 2364 1490 2430 quae
1505 2342 1624 2432 procul
1644 2361 1813 2433 asportare
1827 2348 1954 2430 volunt,

296 2450 465 2518 inuoluere
482 2476 518 2516 ac
534 2453 768 2537 circumtegere
788 2451 914 2532 solent,
943 2476 986 2516 ne
1002 2466 1117 2513 mutuo
1134 2443 1252 2511 collisu
1269 2443 1472 2528 frangantur.
1521 2447 1589 2511 Hac
1607 2447 1713 2535 probe
1729 2451 1847 2515 siccata
1865 2455 1958 2537 agri-

296 2555 376 2624 cols
397 2574 430 2624 et
446 2559 503 2647 qui
515 2556 627 2623 littora
648 2556 799 2623 incolunt
814 2558 952 2620 tomenti
969 2554 1159 2642 plumarum
1178 2574 1215 2614 ae
1239 2549 1421 2615 floccorum
1441 2549 1516 2615 loco
1534 2546 1686 2615 culcitras
1709 2576 1781 2617 suas
1803 2554 1954 2640 fulciunt,

298 2686 393 2752 quem
407 2687 503 2727 usum
517 2660 608 2750 apud
622 2662 773 2748 antiquos
788 2655 829 2722 ad
846 2654 1031 2723 fulciendos
1048 2672 1203 2721 centones
1223 2655 1386 2720 incastris
1403 2655 1528 2719 habuit.
1581 2652 1615 2721 V
1617 2656 1723 2721 itruv.
1734 2658 1810 2724 Lib.
1820 2674 1870 2733 10.
1886 2676 1957 2737 oz

302 2766 437 2833 Circum
459 2763 615 2829 tabulatu
638 2763 842 2828 collocentur
862 2773 972 2826 crates
995 2785 1036 2826 ex
1060 2758 1213 2825 tenuibus
1233 2761 1342 2848 virgis
1366 2759 1570 2825 creberrime
1592 2764 1709 2843 textis,
1745 2766 1957 2856 maximeque

300 2871 501 2949 recentibus,
517 2865 703 2958 percrudis
707 2915 718 2946 ,
742 2868 844 2932 coriis
862 2852 1056 2954 duplicibus
1070 2865 1235 2943 consutis,
1249 2862 1382 2950 fieretis
1397 2865 1493 2954 algoe
1505 2877 1567 2930 out
1577 2869 1694 2956 paleis
1711 2870 1747 2933 in
1764 2883 1857 2936 aceto
1878 2897 1958 2938 ma-

296 2964 421 3047 ceratis
441 2976 708 3063 circumtegatur
724 2974 884 3038 marisiae
902 2983 984 3037 totu.
1038 2972 1193 3036 Ceterum
1214 2967 1284 3055 alga
1306 2969 1428 3037 dicitur
1449 2972 1490 3035 ab
1512 2970 1624 3057 algore
1639 2997 1747 3063 aquas,
1777 2977 1845 3042 siue
1866 2977 1957 3067 quod

295 3082 399 3176 pedes
418 3081 525 3167 alliget
541 3085 621 3145 ἄνθ’
669 3078 730 3143 cir.
755 3077 901 3167 Stupelit'
916 3094 986 3143 not.
1006 3094 1039 3142 et
1051 3093 1227 3143 comment
1244 3078 1279 3142 in
1300 3077 1468 3165 ΤΙιεοΡΙιν.
1490 3076 1566 3141 hist.
1582 3076 1722 3167 plantar.
1737 3079 1811 3144 Lib.
1828 3089 1858 3152 4.
1878 3107 1906 3147 c.
1923 3094 1957 3155 7.

294 3185 593 3265 Amstelod.1644.
642 3180 702 3248 sol.
722 3206 757 3271 p.
776 3190 849 3256 412.
897 3184 1012 3247 Metuo
1033 3200 1161 3255 autem,
1188 3206 1231 3247 ne
1250 3179 1380 3274 planta,
1412 3205 1510 3274 qvam
1526 3183 1588 3251 Vir
1615 3181 1811 3249 clarissimus
1834 3186 1957 3270 innuit,

294 3291 345 3359 nil
365 3288 455 3355 aliud
474 3293 532 3369 sit,
557 3312 656 3380 quam
671 3286 817 3353 Zostera
838 3289 985 3353 naariae.

199 3429 249 3514 ξ’)
297 3432 393 3504 udus
413 3429 718 3508 bethsamitarum
753 3430 787 3495 ri
802 3428 857 3509 μέν
878 3454 923 3496 τοι
937 3429 1028 3497 ἄντοῦ
1048 3432 1170 3501 aaut,
1203 3433 1237 3499 τὸ
1256 3433 1287 3500 δὲ
1310 3433 1456 3513 boisum
1479 3433 1529 3500 tul
1547 3433 1708 3516 Φοινίονον,
1740 3435 1774 3499 τὸ
1796 3434 1956 3506 uranu

299 3535 443 3616 φυόμενον
454 3537 484 3598 tr
500 3532 639 3622 ἕνΚρήη
658 3537 726 3623 πρὸς
741 3544 778 3614 τῇ
793 3544 844 3612 uti·
868 3535 986 3608 ἑνοινθὲς
1001 3535 1082 3612 ἅγιον
1095 3562 1146 3600 suu
1162 3537 1302 3605 οἷονοττον.
1349 3539 1496 3608 tamisis
1512 3540 1542 3602 ii
1558 3539 1620 3615 ἔχει
1635 3539 1735 3603 πάντα
1752 3539 1804 3611 τὴν
1821 3540 1956 3616 δύναμιν

304 3640 440 3699 ποιοῦσαν
456 3639 482 3697 ἐν
498 3637 754 3714 καταπλάσμοτι,
783 3634 986 3727 ποδαγριιιοῖις,
1017 3639 1067 3705 sat
1083 3642 1278 3722 φλεγμονῖιις·
1314 3639 1404 3706 δεῖδὲ
1427 3637 1670 3724 οὲντοῑςχρῆσθοιι
1688 3641 1808 3717 islensis
1831 3643 1955 3733 προτοῦ

300 3736 487 3825 ξιμον-θῆναι,
532 3741 687 3826 Νίκανδρος
700 3739 732 3805 δέ
749 3746 823 3823 Quor
837 3742 885 3808 ut
901 3744 1035 3837 Βηριοκὸν
1051 3741 1122 3810 sirau
1137 3745 1171 3810 τὸ
1194 3750 1347 3827 φοινικοῦν·
1379 3741 1451 3837 ὅπερ
1463 3742 1561 3821 ἔδοξαν
1574 3741 1636 3808 ἔνιοι
1654 3739 1744 3814 οἶνοι,
1768 3738 1834 3825 deit
1852 3752 1953 3824 γννῖνι·

296 3864 346 3913 aar
358 3846 505 3931 χρῶνται,
526 3843 604 3916 ὄντος
618 3845 722 3911 ἐκείνου
734 3845 829 3929 tullos·
851 3849 1011 3930 δμννύμοις
1027 3852 1057 3917 δὲ
1070 3850 1373 3934 κοιλονιοὲνοοφύιιοις.
1420 3845 1575 3910 Dioscor·
1598 3842 1704 3917 lib-4
1724 3868 1796 3936 tmp-
1814 3861 1885 3918 100.
1912 3883 1954 3903 -·

298 3941 342 4025 (E
357 3940 423 4005 suci
444 3944 562 4008 marini
582 3945 754 4029 generibus
775 3947 947 4037 quoddam
961 3948 1080 4030 latum,
1104 3950 1242 4017 alterum
1264 3951 1454 4037 sublongius
1476 3968 1509 4014 et
1524 3949 1664 4030 rubens,
1690 3953 1821 4017 tertium
1835 3953 1954 4019 candi-

294 4042 392 4121 dum,
417 4068 551 4112 nascens
572 4048 607 4112 in
623 4049 719 4114 Creta
740 4056 830 4133 juxta
847 4071 989 4137 terram3
1014 4056 1170 4123 floridum
1188 4056 1302 4137 ualde,
1335 4055 1425 4146 quod
1441 4053 1531 4120 nulla
1547 4057 1770 4146 corruptionis
1786 4056 1859 4124 labe
1874 4056 1955 4149 pol-

291 4149 405 4214 luitur.
454 4151 573 4215 Omnia
588 4155 654 4217 uim
664 4153 788 4221 habent
800 4156 1082 4243 refrigeratoriam
1098 4178 1167 4228 nou
1187 4159 1343 4251 podagrae
1365 4158 1483 4237 modo,
1516 4158 1575 4223 sed
1597 4162 1694 4224 etiam
1716 4160 1955 4230 inflammatio-

293 4254 411 4333 nibus,
435 4256 469 4319 iu
492 4257 729 4347 cataplasmatis
750 4260 926 4327 efficaciter
948 4263 1080 4345 utilem3
1112 4290 1228 4333 uerum
1249 4267 1288 4329 iis
1312 4265 1359 4329 uti
1382 4263 1527 4327 humidis
1551 4266 1724 4343 conuenit,
1758 4266 1954 4354 priusquam

294 4375 491 4425 exarescant.
539 4362 704 4430 Nicander
719 4368 900 4454 puniceum
918 4372 1032 4435 asserit
1051 4370 1205 4435 adversus
1229 4385 1397 4459 serpentes
1414 4365 1540 4432 ualere:
1566 4363 1777 4455 idipsumque
1792 4383 1857 4445 cst,
1884 4391 1953 4458 qvo

293 4463 517 4530 existimavere
536 4467 692 4533 nonnulli
709 4467 856 4536 colorem
872 4496 968 4537 saum
984 4475 1117 4539 mentiri
1138 4471 1310 4555 mulieres,
1340 4494 1422 4538 eum
1442 4486 1551 4536 tamon
1571 4468 1719 4535 radicula
1740 4471 1782 4536 sit
1805 4470 1954 4555 ejusdem

240 4568 458 4648 nauminia,
488 4592 551 4660 qua
574 4595 643 4637 sese
667 4571 806 4659 incant).
950 4580 954 4587 '

173 4692 243 4774 ‚ml
290 4693 459 4784 Praecipue
474 4720 554 4764 uero
570 4696 691 4764 liberat
706 4723 745 4764 eo
760 4698 846 4766 malo
870 4701 1046 4791 (podagra)
1070 4704 1200 4793 Pbycos
1215 4701 1411 4783 thalassion,
1437 4701 1473 4770 id
1488 4720 1537 4769 est
1551 4704 1659 4769 Fucus
1674 4702 1839 4781 marinus,
1864 4703 1953 4770 Lac-

292 4813 373 4875 tucae
388 4788 522 4879 similis,
551 4802 609 4890 qui
626 4801 809 4892 conchylfis
824 4804 1062 4891 substernitur3
1085 4833 1153 4876 non
1170 4806 1325 4901 podagra
1345 4807 1464 4888 modo,
1489 4808 1548 4874 aed
1564 4807 1716 4873 omnibus
1735 4803 1952 4874 articulorum

291 4904 415 4968 morbis
430 4905 621 4995 impositus,
647 4907 841 4999 priusquam
853 4910 1015 4975 exarebat.
1061 4915 1140 4979 Tria
1156 4931 1264 4978 autem
1277 4935 1398 4996 genera
1416 4916 1503 4996 eius,
1533 4909 1635 4987 latum
1657 4928 1689 4977 et
1711 4910 1850 4976 alterum
1872 4907 1953 4977 lon-

293 5007 379 5092 gius,
413 5007 807 5099 quadantenusrubens,
838 5015 971 5082 tertium
992 5017 1108 5107 crispis
1135 5016 1242 5097 soliis,
1275 5039 1340 5108 quo
1357 5021 1393 5085 in
1414 5019 1511 5089 Creta
1535 5034 1639 5085 uestes
1664 5017 1810 5102 tingrmt3
1839 5014 1951 5082 omnia
