4772 6106
523 404 708 481 snorlo
721 400 956 483 secusne
1009 403 1380 479 oscnmroam.
1635 423 1684 503 95

426 616 477 649 ***
516 600 764 677 subterranea.

237 770 297 849 16.
355 769 397 836 0.
417 765 594 852 muralis,
619 765 688 836 filis
713 766 953 860 simplicibus,
978 769 1171 858 viridibus,
1191 768 1452 861 rigidiusculis,
1479 774 1738 861 crassiusculis,

146 901 515 990 flexuoso-curvatis,
539 905 578 972 in
590 905 775 994 caespitem
791 905 941 974 viridem
960 905 1170 973 densissime
1186 905 1374 975 intricafis.

286 1066 478 1119 Osctllacorta
499 1068 619 1119 muralis
635 1071 682 1138 Ag.
706 1067 769 1138 Syn.
791 1086 819 1139 p.
841 1078 897 1130 ¹08·
920 1101 948 1115 -
965 1068 1003 1147 Fl,
1023 1066 1050 1122 d.
1070 1066 1141 1120 Tab.
1166 1083 1240 1138 ¹599.
1258 1066 1301 1139 fig.
1323 1086 1349 1123 a.

381 1204 409 1219 ..
493 1179 643 1240 parietlna
662 1170 769 1224 Vaucb.
791 1189 819 1243 p.
842 1169 898 1240 196.
922 1171 993 1224 st.
1019 1189 1057 1242 15.
1082 1170 1125 1242 fig.
1145 1183 1170 1234 8.

285 1268 437 1338 Consarva
452 1275 574 1325 muralis
593 1273 675 1327 Roth.
698 1274 759 1355 Cat.
778 1272 837 1325 bot.
856 1285 881 1336 3,
901 1292 929 1343 p.
952 1287 1012 1355 389.
1029 1311 1057 1325 ..
1077 1274 1169 1327 Dillw.
1189 1272 1259 1326 Tab.
1279 1291 1302 1353 7.
1322 1290 1352 1343 ‚et
1370 1276 1475 1330 Introd.
1497 1298 1523 1351 p.
1544 1289 1586 1349 39.
1606 1312 1632 1328 ..
1651 1277 1733 1333 Web.

348 1354 376 1392 et
398 1339 484 1392 Mobr
502 1341 631 1395 Grossbr.
652 1343 732 1397 Conl.
754 1340 816 1394 Tab
844 1358 869 1411 7.
887 1376 916 1390 -
932 1344 1006 1414 Jurg.
1033 1342 1090 1413 Atg.
1115 1345 1184 1395 Dec.
1203 1359 1231 1412 5·
1249 1362 1277 1395 n.
1296 1344 1322 1397 6.

297 1480 325 1494 ..
351 1439 474 1514 frigida
496 1444 580 1497 Roth.
603 1444 664 1500 Cat.
686 1443 744 1499 bot.
766 1464 787 1504 t,
806 1463 834 1516 p.
855 1445 912 1500 166.

151 1624 305 1693 Habitat
321 1621 401 1689 baec
412 1623 567 1711 speeies,
588 1624 683 1692 inter
700 1624 852 1714 majores
870 1624 1104 1711 numeranda,
1132 1622 1179 1690 ad
1193 1646 1315 1691 muros
1334 1634 1371 1692 et
1383 1627 1538 1715 parietes
1552 1626 1733 1718 humidos,

151 1769 262 1828 terrae
274 1757 468 1847 contiguos,
486 1765 524 1823 et
543 1759 718 1846 imprimis
736 1758 783 1824 ad
798 1758 1084 1846 septentrionem
1099 1764 1300 1846 vergentes,
1323 1780 1408 1849 qvos
1423 1761 1595 1831 viridibus
1612 1765 1734 1832 stratis

153 1891 320 1979 obducit,
342 1889 516 1982 vulgaris3
542 1892 652 1959 etiam
669 1888 837 1984 freqvens
856 1893 895 1960 in
909 1888 1034 1960 insidis
1053 1889 1084 1957 F
1085 1889 1317 1958 aeroensibus.

200 2052 322 2121 DESC.
369 2054 499 2143 Caespes
513 2050 650 2132 densus,
673 2050 814 2143 palmari
836 2051 879 2116 ad
898 2045 1053 2140 pedalem
1075 2065 1107 2111 et
1128 2045 1217 2110 ultra
1238 2051 1437 2115 extensione.
1484 2053 1556 2117 Fila
1578 2053 1734 2143 capillum

281 2159 463 2225 humanum
477 2158 619 2223 crassitie
632 2157 810 2248 aeqvantia,
834 2152 973 2231 viridia,
999 2149 1182 2241 simplicia,
1205 2151 1327 2240 ubique
1344 2153 1498 2242 aeqvalia,
1525 2158 1617 2247 apice
1633 2159 1733 2225 obtu-

282 2289 333 2345 sa,
370 2260 559 2329 densissime
580 2263 740 2328 intricata.
797 2260 893 2326 Strite
920 2252 1155 2323 transversales
1180 2257 1257 2323 satis
1281 2258 1485 2348 conspicuae,
1521 2260 1731 2330 densissimas.

281 2369 457 2435 lutor'stitia
471 2368 673 2434 brevissima.
717 2364 889 2432 Interdum
903 2364 937 2427 in
952 2361 1015 2426 bac
1031 2362 1158 2451 specie,
1186 2379 1221 2426 ut
1236 2363 1334 2435 ctiam
1350 2364 1385 2427 in
1402 2366 1535 2446 ceteris,
1558 2368 1732 2433 interualla

280 2499 381 2543 vacua
403 2471 554 2556 longiora
578 2472 845 2563 conspiciuntur,
871 2493 943 2558 qvae
967 2493 986 2531 a
1007 2468 1095 2531 striis
1119 2469 1226 2557 ruptis
1251 2484 1283 2532 et
1305 2467 1546 2534 confluentibus
1571 2473 1733 2564 originem
1781 2472 1786 2479 ’

282 2581 393 2647 forsan
412 2577 548 2644 ducunt.
597 2575 700 2643 Color
715 2572 843 2640 viridis.
891 2572 1079 2637 Substantia
1094 2572 1360 2653 membranacea,
1384 2589 1512 2653 tenera,
1537 2571 1735 2645 lubricitatis

281 2709 406 2777 expers.
450 2685 620 2750 Autumno
638 2697 671 2747 et
687 2679 805 2770 hyeme
818 2676 981 2768 imprimis
995 2677 1091 2761 viget.
1140 2676 1269 2742 Chartae
1292 2675 1363 2743 laxe
1378 2676 1532 2747 adheret.
1580 2680 1735 2750 Siccitate

283 2813 351 2859 nott
364 2806 518 2859 mutatur.

228 3068 285 3143 17.
309 3065 379 3151 μθ.
396 3056 650 3145 autumnalis,
676 3054 745 3126 filis
758 3050 994 3145 simplicibus,
1016 3053 1454 3145 cinereo-virescentibus,
1481 3058 1623 3150 rigidis,
1644 3082 1735 3130 rec-
1806 3144 1811 3154 .

145 3202 213 3287 tie,
238 3199 441 3268 metretum
456 3196 637 3267 lubricum
649 3194 796 3284 nigrum
812 3188 973 3259 breviter
986 3188 1132 3259 radians
1155 3188 1267 3285 dense
1290 3182 1504 3263 intertextis.

282 3360 470 3414 osctttatorta
488 3346 665 3411 autumnans
681 3358 730 3427 Ag.
752 3355 821 3408 Dee.
839 3360 867 3421 4.
886 3328 916 3406 n.
934 3359 979 3420 40.
995 3365 1024 3406 et
1044 3351 1107 3424 Syn.
1125 3374 1154 3427 p.
1179 3358 1238 3411 106.
1258 3353 1335 3420 (exal.
1354 3376 1411 3428 syn.
1432 3358 1541 3413 Vauch.
1562 3374 1589 3414 et
1606 3360 1711 3425 Dillw.)

150 3530 309 3598 Habitat
325 3535 366 3601 in
386 3541 484 3598 terra
502 3533 600 3599 nuda
620 3531 722 3597 horti
739 3530 898 3596 botanici
919 3526 1149 3617 Hafniensis,
1179 3524 1278 3599 Prof.
1304 3528 1567 3599 Hornemann.
1594 3569 1644 3587 -·-
1667 3532 1727 3612 Ad

146 3658 426 3753 Hofinansgave
439 3659 593 3748 Fioniee,
615 3656 819 3748 Hosmann
839 3661 963 3756 Bong.

192 3822 320 3891 DESC.
363 3821 509 3889 Stratum
523 3847 716 3915 expansum,
739 3825 926 3892 extensione
940 3825 1108 3901 variabile,
1130 3826 1314 3907 lubricum,
1335 3828 1460 3907 nitens,
1481 3827 1624 3912 nigrum,
1645 3828 1729 3894 bre·

283 3930 366 3995 viter
382 3927 524 3994 radians.
572 3928 643 3995 Fila
662 3929 867 4009 tenuissima,
891 3932 989 4000 oculo
1004 3933 1096 4001 nudo
1122 3937 1174 4001 vix
1196 3935 1391 4026 conspicua,
1416 3930 1597 4027 simplicia,
1626 3952 1726 4016 recta,

279 4031 404 4117 rigida,
429 4032 616 4100 densissime
631 4036 820 4114 intertexta,
846 4037 902 4103 vix
916 4039 1109 4107 oscillantia.
1155 4040 1250 4108 Striae
1268 4037 1497 4112 transversales
1518 4041 1729 4109 tenuissime.

280 4139 451 4204 Autumno
474 4139 646 4229 imprimis.
692 4138 821 4205 Cbartae
845 4139 1005 4212 adhaeret.
1049 4148 1179 4213 Forsan
1193 4143 1297 4211 'modo
1320 4144 1471 4209 Varietes
1495 4141 1730 4214 Oscillatoriae

163 4308 167 4315 ,
274 4243 408 4333 nigroe,
431 4243 476 4310 ob
491 4242 606 4311 locum
626 4244 767 4310 natalem
787 4247 914 4314 minor.

228 4519 285 4591 18.
340 4513 381 4581 Ο.
408 4510 638 4583 decorticans
647 4535 665 4601 ,⁶
694 4516 764 4587 filis
787 4515 1027 4608 simmicibus,
1057 4516 1298 4603 tenuissimis,
1322 4511 1728 4624 coeruleo-virentibus,

143 4645 319 4735 curtatis,
337 4647 376 4717 in
391 4649 576 4739 cespitem
590 4652 743 4722 viridem
759 4651 973 4721 densissime
992 4652 1179 4734 intricatis.

161 4816 168 4829 ·
273 4795 423 4867 Conserva
442 4799 625 4855 decorticans
641 4801 737 4859 Dillw.
752 4801 825 4856 Τὼ.
847 4802 889 4857 26.
908 4817 936 4856 et
956 4801 1064 4859 Introd.
1083 4823 1112 4877 p.
1128 4814 1172 4872 38.
1193 4799 1290 4876 Suppl.
1306 4800 1427 4859 TauA.
1442 4835 1472 4851 -
1486 4802 1572 4861 wsb.
1592 4818 1620 4857 at
1636 4801 1726 4858 Mobr

340 4864 475 4922 Grossbr.·
489 4868 574 4923 Conf.
591 4870 663 4924 Tab.
685 4872 729 4926 aa.
750 4871 829 4949 (axel,
848 4890 905 4942 syn.
919 4871 1041 4940 Vauch.)

24 5004 25 5013 .
138 5038 292 5113 Habitat
306 5044 353 5113 ad
367 5042 467 5137 ligna
479 5042 646 5137 humida,
670 5049 779 5116 etiam
798 5048 844 5119 ad
857 5050 1008 5132 cortices
1027 5049 1199 5128 arborum
1215 5047 1354 5123 Pioniae
1369 5046 1518 5139 pattim·
1623 5132 1627 5137 ,
