4772 6106
620 448 792 525 sueno
816 449 1052 525 saumana.
1104 410 1298 526 nauem.
1642 469 1692 544 ss
1753 526 1757 533 .

297 659 376 729 nula
392 683 476 747 aegre
490 663 679 753 conspicua,
702 676 815 741 ovata,
838 659 1058 749 cylindracea,
1074 656 1358 744 longitudinaliter
1374 681 1497 751 sparsa.
1540 663 1647 731 Color
1657 664 1744 735 albi-

299 766 379 846 dus,
400 766 544 832 siccitate
564 768 690 844 nitens,
714 765 849 830 micans.
904 764 1094 830 Substantia
1115 782 1246 845 tenera,
1270 765 1414 832 siccitate
1436 764 1578 852 fragilis,
1602 769 1744 837 subcru-

298 889 413 938 stacea.
459 870 588 936 A'nnua.
636 872 779 937 Aestate.
826 867 955 935 Chartae
975 867 1132 936 adhaeret.

425 1066 460 1101 **
507 1084 662 1128 ramosae.

234 1217 270 1300 6.
319 1217 367 1288 Β.
390 1217 623 1309 utrovirens5
647 1218 716 1292 filis
740 1219 938 1309 continuis,
962 1219 1132 1310 ramosis,
1156 1220 1300 1313 rigidis3
1324 1220 1434 1289 ramis
1458 1223 1576 1313 vagis,
1602 1224 1740 1295 divari-
1766 1223 1860 1299 'I'ab'
1879 1234 1941 1312 25:

153 1356 268 1450 eatis,
293 1354 453 1446 granatlis
467 1355 673 1447 sphaericis,
696 1358 736 1426 in
751 1355 872 1447 quavis
888 1356 981 1423 serie
995 1352 1226 1427 transversali
1247 1353 1429 1424 subternis
1455 1355 1645 1447 dispositis.

292 1482 442 1556 Conservis
463 1492 629 1539 servornm
648 1483 739 1539 Dillw.
760 1482 831 1538 Tab.
853 1495 897 1549 25.
916 1499 944 1536 et
961 1480 1067 1535 Inuod.
1086 1502 1114 1555 p.
1133 1483 1178 1538 60.
1197 1480 1268 1536 Tab.
1288 1483 1326 1536 D.
1343 1481 1468 1537 -Wsla
1479 1485 1599 1540 etMobr
1614 1487 1742 1546 Grossbr.

356 1549 439 1606 Conf⁴
458 1552 531 1606 Tab.
550 1568 593 1623 25.
608 1587 636 1601 -
655 1553 750 1607 Wahl.
767 1551 795 1608 ll,
808 1551 881 1625 lapp.
896 1571 924 1606 n.
936 1560 998 1621 974.

291 1654 459 1729 Scyronem
479 1664 645 1709 atrcvtrens
663 1659 711 1726 Ag.
733 1653 814 1724 Disp.
836 1673 863 1725 p.
886 1666 928 1720 39.
957 1667 984 1705 et
999 1651 1063 1723 Syn.
1082 1670 1110 1723 p.
1132 1664 1190 1718 ¹¹5·

296 1758 497 1811 Corniculana
512 1759 668 1827 pubescens
693 1756 792 1810 Acbar.
812 1754 876 1824 Syn.
898 1753 977 1809 Lieb.
996 1773 1025 1826 p.
1044 1766 1104 1818 302.

158 1867 316 1939 Habitat
332 1866 378 1935 ad
388 1886 475 1934 saxa
491 1865 706 1956 campestria
719 1874 757 1934 et
767 1886 876 1956 rupes
892 1861 1099 1953 subalpinae
1115 1863 1254 1934 Faeroae
1269 1867 1433 1959 eopiose3
1459 1869 1568 1938 etiam
1584 1868 1632 1937 ad
1652 1864 1739 1955 ossif

160 2004 282 2072 'cinam
297 1996 482 2072 ferrariam
506 1997 591 2068 Nees
605 1997 806 2092 Norvegiae.

206 2163 328 2234 misc.
375 2163 481 2231 Radix
494 2165 719 2229 minutissima.
766 2162 897 2253 Caespes
914 2158 1098 2238 intricatus,
1122 2153 1207 2222 duos
1222 2153 1275 2224 vel
1290 2172 1355 2221 tres
1373 2154 1510 2247 pollices
1525 2157 1653 2246 longus,
1680 2164 1746 2229 de.

293 2271 461 2337 cumbens.
507 2267 579 2334 Fila
595 2271 765 2361 caespitese
781 2281 970 2353 aggregata,
995 2263 1038 2329 ad
1051 2264 1146 2329 basin
1161 2278 1288 2340 erecta,
1312 2277 1414 2327 setam
1428 2264 1600 2353 porcinam
1624 2292 1742 2350 crassa,

295 2375 413 2442 ddnde
429 2372 674 2453 decumbentis,
700 2372 870 2450 tenuiora,
894 2367 1019 2454 rigida,
1043 2366 1201 2460 pollicem
1216 2366 1349 2432 circiter
1368 2364 1484 2451 longa,
1510 2372 1740 2453 ramosissima,

291 2482 454 2560 intricata,
495 2479 590 2546 Remi
603 2495 762 2571 patentes,
786 2474 983 2566 plerumqve
1000 2471 1165 2565 preliseri,
1188 2473 1316 2563 apicem
1328 2496 1440 2538 versus
1458 2473 1633 2553 tenuiores,
1648 2473 1740 2541 aliis-

292 2611 354 2679 qve
368 2586 553 2673 minoribus
571 2601 603 2648 ct
615 2582 826 2650 brevioribus
840 2579 986 2659 obsessi3
1009 2575 1129 2642 ramuli
1149 2574 1302 2668 proliscri
1326 2576 1525 2655 tenuissimi,
1550 2576 1661 2660 densi,
1687 2604 1742 2647 se·

294 2692 403 2759 cundi.
451 2685 600 2757 Granula
615 2689 744 2751 interna
760 2683 940 2774 sphaerica,
963 2682 998 2746 in
1017 2682 1129 2772 qvavis
1152 2682 1235 2747 serie
1258 2682 1337 2746 bina
1358 2679 1410 2749 vel
1435 2698 1544 2761 terna,
1568 2683 1742 2753 intervallo

295 2798 379 2861 inter
390 2793 533 2881 singulas
546 2792 646 2858 series
660 2788 865 2855 brevissimo.
914 2784 1017 2852 Color
1039 2787 1178 2877 cespitis
1200 2788 1310 2872 niger,
1333 2784 1467 2852 filorum
1487 2786 1548 2853 sub
1576 2786 1663 2856 lente
1685 2790 1742 2856 iu-

294 2899 543 2968 sco-olivace'us.
590 2893 779 2962 Substantia
790 2888 919 2976 rigida,
941 2906 1051 2958 tenax.
1097 2891 1229 2958 Chartae
1243 2917 1313 2960 non
1330 2890 1490 2976 adhaeret,
1512 2917 1575 2960 nec
1600 2896 1743 2964 siccitate

291 3025 446 3074 mutatur.

210 3121 300 3192 OBS.
346 3128 444 3191 Amat
464 3121 534 3187 baec
556 3118 679 3211 species
703 3142 773 3185 non
799 3114 908 3182 solum
932 3112 1036 3180 latera
1058 3117 1210 3207 rupium,
1236 3108 1307 3208 qvas
1332 3114 1633 3210 aqvisrivulortun
1653 3123 1743 3204 juxta

292 3230 465 3296 fluentium
478 3229 674 3304 irrorantur,
696 3221 756 3289 sed
771 3245 902 3313 qvoqve
918 3245 995 3285 saxa
1009 3219 1192 3288 aridissima
1208 3220 1381 3314 subalpina
1396 3225 1532 3301 Faeroae,
1553 3208 1624 3315 ilva
1639 3225 1744 3293 modo

294 3336 409 3427 pluviat
428 3329 594 3397 interdum
605 3331 801 3414 irrigantur3
825 3326 884 3392 sed
898 3323 1082 3391 notandum
1097 3345 1156 3409 est,
1182 3327 1303 3394 insulas
1318 3329 1518 3409 Faeroenses,
1543 3338 1618 3396 aere
1634 3331 1742 3396 nebu-

291 3439 366 3506 loso
380 3454 414 3503 et
434 3435 611 3525 vaporibus
635 3458 653 3498 e
672 3433 757 3497 mari
780 3429 899 3497 crebro
924 3431 1132 3516 surgentibus
1154 3434 1331 3519 saepissime
1353 3458 1422 3498 esse
1445 3433 1658 3500 circumfusas
1665 3462 1676 3516 3
1701 3459 1742 3499 ex

296 3541 360 3604 illis
375 3542 474 3620 igitur
487 3539 558 3601 hacc
572 3534 702 3623 planta,
728 3557 827 3619 qvam
841 3533 993 3600 nonnulli
1009 3536 1096 3599 inter
1109 3533 1274 3598 Licbenes
1289 3551 1438 3621 ponunt,
1464 3534 1656 3600 alimentum
1676 3537 1741 3601 sibi

300 3638 522 3702 necessarium
532 3636 666 3698 haurire
680 3633 888 3702 existimatur.

243 3845 278 3919 7.
326 3837 374 3908 B.
390 3832 599 3903 mamillosa
605 3857 622 3924 ,·
645 3833 712 3905 fitis
729 3836 916 3927 continuis,
929 3841 1100 3933 ramosis3
1117 3841 1225 3912 ramis
1241 3836 1402 3930 alternis,
1417 3837 1600 3928 flexuosis,
1612 3839 1735 3910 uttin-
1760 3841 1852 3918 Tala
1872 3855 1936 3931 25.

157 3997 229 4070 qve-
243 3974 446 4061 attenuatis,
470 3972 633 4042 mamillis
651 3970 868 4045 abbreviatis
886 3972 1062 4072 obsessis,
1079 3977 1238 4073 granulis
1250 3978 1290 4047 in
1307 3978 1428 4070 qvavis
1442 3978 1534 4048 serie
1549 3983 1737 4063 transverg

158 4110 226 4181 sali
240 4107 423 4178 subternis
448 4108 635 4197 dispositis.

213 4245 367 4314 Habitat
382 4240 428 4311 ad
443 4265 531 4311 saxa
545 4241 644 4314 fluvii
659 4268 802 4338 semper
814 4249 964 4342 irrigata
981 4252 1028 4321 ad
1042 4244 1224 4320 officinam
1235 4244 1425 4316 ferrariam
1440 4245 1734 4338 NaesNorvegiae.

203 4374 326 4441 DESC.
371 4370 443 4443 Fssa
465 4375 651 4463 caespitosa,
680 4392 865 4461 aggregata,
894 4381 1014 4445 muscis
1032 4379 1197 4456 immixta,
1222 4392 1328 4441 erecta
1351 4369 1404 4439 vel
1422 4373 1458 4436 in
1481 4372 1564 4434 saxis
1588 4374 1737 4461 abruptis

290 4475 452 4567 pendula,
479 4494 546 4542 trcs
559 4496 739 4567 quatuorve
755 4480 859 4545 lineas
882 4480 997 4569 longa,
1024 4501 1126 4550 setam
1147 4482 1320 4572 porcinam
1345 4476 1414 4542 sere
1436 4497 1565 4554 crassa,
1590 4496 1737 4557 ramosa3

292 4583 374 4646 rami
387 4582 458 4646 basi
471 4598 639 4672 patentes,
664 4583 821 4662 flexuosi,
847 4585 991 4653 ramulos
1006 4588 1216 4655 brevissimos
1240 4579 1515 4648 mamillaesorrnes
1542 4576 1585 4644 ad
1606 4594 1737 4642 utrum-

295 4708 356 4775 qve
379 4684 462 4752 latus
486 4687 686 4769 emittentes,
712 4690 868 4778 utrinque
891 4684 1064 4778 paululum
1088 4689 1261 4768 attenuati,
1286 4686 1422 4777 aliisqve
1447 4684 1631 4750 minoribus
1655 4685 1737 4750 sim-

291 4787 431 4879 plicibus
447 4794 588 4858 curvatis
604 4793 746 4875 obsessi,
771 4796 862 4859 intus
883 4794 1004 4884 ubique
1025 4794 1168 4881 granulis
1191 4790 1450 4860 transversaliter
1471 4789 1654 4881 dispositis,
1679 4812 1737 4875 gc-

288 4893 398 4959 nicula
423 4897 673 4967 mentientibus,
705 4902 827 4980 notati,
859 4896 1000 4989 granula¹
1014 4901 1049 4963 in
1072 4902 1187 4991 quavis
1204 4902 1288 4965 serie
1311 4899 1390 4962 bina
1412 4894 1465 4963 vel
1485 4913 1591 4961 terna.
1635 4892 1740 4960 Color

289 4999 492 5077 anaviridis,
524 5003 587 5066 sub
606 5000 694 5066 lente
718 5002 892 5071 olivaeeus.
946 5003 1136 5072 Substantia
1160 5023 1292 5085 tenera,
1321 4999 1442 5069 mollis.
1489 5001 1619 5069 Annua.
1665 4997 1738 5062 Ae·

288 5119 380 5170 state.
428 5104 557 5171 Charta
571 5104 644 5170 laxe
661 5104 820 5175 adhaeret.
