4772 6106
642 456 816 583 §ECHO
841 452 1058 549 QVARra
1110 453 1363 533 ZYGNEMA.
1669 466 1745 543 171

294 680 329 750 2.
384 669 424 741 Ζ.
443 691 692 763 compressum
698 694 714 760 ,·
734 670 803 741 filis
816 668 1060 761 simplicibus,
1082 667 1249 757 lubricis,
1269 665 1476 760 fragilibus,
1500 669 1646 740 demttm
1666 667 1726 739 bic
1744 668 1795 740 il-
1819 682 1912 754 Tab,
1932 616 1992 768 ᾧ,

218 801 266 874 lic
281 805 438 874 curvatis
467 805 726 900 copulatisqve3
752 802 910 876 anemis
934 802 1219 901 diametro-3p10
1242 801 1486 897 longioribus,
1510 824 1629 873 massa
1652 800 1799 876 interna

103 1004 106 1009 ,
219 960 434 1030 compressa

352 1112 500 1186 Conserua
516 1121 683 1187 serpentina
700 1115 802 1171 Miller
821 1116 894 1173 Nor.
912 1117 970 1172 Act.
988 1117 1098 1189 Patrop.
1119 1127 1144 1182 3,
1164 1115 1236 1170 Tib.
1260 1133 1282 1168 ι.
1304 1114 1347 1188 fig.
1368 1127 1385 1180 8
1404 1129 1432 1170 at
1449 1114 1488 1187 pl

351 1227 516 1299 Conjugata
531 1238 698 1300 serpentina
715 1228 823 1285 Vtuclt.
842 1248 870 1304 p.
889 1240 932 1293 8¹·
950 1229 1021 1287 Tib.
1043 1241 1068 1294 8.
1091 1228 1135 1301 fig.
1159 1225 1210 1282 tol

213 1344 421 1501 liabitatin
436 1387 536 1480 aquia
554 1386 803 1481 stagnantibus
818 1384 866 1458 td
880 1383 1059 1457 officinam
1074 1384 1264 1497 fenariam
1279 1386 1366 1457 Nora
1380 1385 1582 1480 Norvegiae,
1599 1386 1677 1463 aliis
1692 1388 1794 1475 Con-¹,

213 1514 323 1591 fervis
335 1515 545 1615 plerumque
556 1523 774 1594 immixtum.

260 1695 384 1763 DESC.
431 1694 530 1763 Nulla
545 1697 662 1765 fusiori
681 1698 778 1783 hujus
793 1698 915 1788 speciei
931 1720 1015 1789 opus
1039 1711 1087 1762 est
1101 1695 1340 1786 descriptione,
1366 1718 1442 1763 cum
1464 1698 1500 1765 in
1523 1695 1674 1788 plurimis
1697 1716 1790 1765 anw-

344 1799 514 1866 cedentem
530 1801 649 1881 resert3
684 1801 819 1867 differre
833 1816 942 1867 tamen
956 1800 1106 1869 videtur:
1156 1800 1189 1886 1)
1211 1799 1274 1865 filis
1290 1799 1394 1891 duplo
1410 1802 1641 1887 crassioribus,
1676 1802 1710 1889 2)
1729 1802 1792 1869 filis

344 1903 585 1990 fragilioribus,
610 1906 734 1996 quippe
750 1928 821 1996 qvae
834 1905 869 1971 in
882 1904 1041 1990 geniculis
1062 1902 1158 1970 facile
1174 1901 1354 1986 dissiliant,
1377 1904 1412 1988 3)
1434 1907 1539 1970 massi
1554 1907 1683 1971 interni
1697 1930 1792 1972 com-

343 2010 474 2100 pressi,
503 2033 592 2100 qvae,
621 2008 684 2075 filis
698 2007 915 2100 cylindraceis
929 2012 965 2076 in
979 2032 1064 2099 aqva
1080 2009 1141 2072 sub
1155 2007 1243 2071 lente
1261 2007 1430 2084 volutatis,
1454 2006 1636 2075 luculenter
1657 2008 1794 2098 conspi-

345 2115 448 2196 citur3
468 2112 501 2197 4)
521 2112 641 2179 tubulis
658 2112 948 2192 transversalibus,
975 2113 1032 2201 qvi
1046 2111 1156 2174 medio
1171 2108 1279 2172 inflati
1295 2124 1328 2171 et
1343 2109 1440 2198 opaci
1453 2126 1650 2192 cernuntur,
1680 2128 1792 2178 utrum

345 2242 425 2285 tero
448 2219 569 2284 semina
592 2218 798 2297 contineant,
833 2240 956 2297 necne,
992 2217 1153 2280 intactum
1171 2209 1360 2301 relinquere
1383 2234 1505 2295 cogor3
1539 2214 1574 2279 in
1593 2213 1654 2282 hac
1677 2214 1793 2283 ultima
1850 2274 1854 2282 .

224 2316 230 2327 ’
344 2339 437 2413 parte
453 2323 696 2389 antecedentem
709 2322 808 2408 igitur
822 2321 934 2403 refert,
960 2317 1014 2388 vel
1028 2318 1141 2385 forsan
1155 2314 1329 2403 Conferva
1335 2315 1523 2408 genuflexa
1534 2319 1656 2388 Diuo.
1672 2322 1796 2414 Suppli

344 2427 473 2493 Tabe.
488 2426 553 2491 huc
568 2428 722 2516 pertinet
751 2423 825 2491 Fila
838 2432 998 2517 praeterea
1015 2447 1086 2491 non
1100 2420 1283 2510 genuflexa,
1299 2420 1358 2491 sed
1373 2421 1474 2493 modo
1491 2423 1793 2496 flexuoso-curvata

344 2535 406 2600 sub
421 2528 631 2622 copulatione
648 2531 913 2620 inconspectum
928 2531 1075 2598 veniunt.

286 2763 321 2834 3.
374 2753 417 2823 Z.
435 2747 644 2836 littoream,
668 2747 737 2819 filis
751 2746 991 2840 simplicibus,
1014 2749 1227 2822 lubricitatis
1241 2755 1468 2851 expertibus,
1494 2702 1704 2842 tenacibus,
1729 2756 1791 2828 in·
1814 2777 1905 2854 vm,
1927 2789 1987 2877 59,

211 2887 366 2978 tricatis3
392 2886 542 2955 demum
558 2882 619 2954 bic
632 2881 706 2953 illic
718 2881 1121 2981 flexuoso-conjugatis3
1141 2885 1299 2959 mtticulis
1314 2891 1493 2965 diametro
1514 2890 1601 2988 2plo
1614 2890 1792 2988 longiori-3
1899 2962 1901 2967 .

210 3020 297 3112 bus,
316 3018 476 3115 grauidis
502 3020 690 3112 adspersis.

341 3170 492 3274 construo
508 3206 623 3271 riparia
639 3195 725 3253 Roth.
745 3196 807 3255 cac
827 3196 882 3256 bot.
902 3219 929 3273 3,
946 3218 975 3274 p.
999 3201 1071 3259 216?
1087 3229 1124 3248 -
1140 3204 1215 3277 stig.
1235 3205 1294 3279 atg.
1312 3208 1385 3266 Dsc.
1405 3222 1432 3272 a,
1450 3229 1480 3264 a.
1499 3207 1538 3283 7?

209 3352 361 3429 Habitat
373 3360 412 3429 in
427 3358 515 3450 ripis
532 3355 725 3445 sabulosis,
749 3352 925 3449 humidis,
950 3359 1131 3431 umbrosis
1146 3363 1245 3431 sinus
1263 3360 1509 3456 Otbiniensis,
1538 3368 1602 3439 ubi
1629 3368 1675 3439 ab
1700 3394 1789 3462 aqva

210 3490 302 3560 salsa
326 3495 481 3582 quotidie
506 3494 698 3583 irrigatam,
723 3494 985 3585 copiosissime,
1008 3491 1166 3583 loe-isqve
1190 3491 1355 3562 indicatis
1375 3494 1453 3565 fara
1476 3478 1626 3590 ubique,
1656 3510 1699 3570 ut
1726 3503 1788 3571 vix

210 3617 285 3691 ulla
300 3621 436 3709 species
452 3618 557 3721 capii
578 3622 717 3712 majori.

258 3792 384 3861 DESC.
431 3794 560 3887 Caespes
575 3794 714 3880 densus,
738 3799 926 3887 intricatus,
949 3808 1131 3884 virescens,
1153 3806 1261 3897 ripam
1274 3803 1443 3874 humidam
1456 3809 1663 3891 umbrosam,
1679 3832 1784 3901 aqva

341 3898 493 3980 marina,
518 3924 536 3965 a
557 3902 620 3993 qvi
646 3905 824 3999 sepissime
843 3911 1042 3996 inundatur,
1066 3913 1271 3997 contiguam,
1293 3912 1393 3979 viridi
1418 3939 1477 3982 suo
1500 3914 1661 3981 velamine
1685 3914 1785 3985 dense

342 4001 527 4085 obducens,
557 4008 661 4112 varis
676 4033 740 4100 pro
765 4009 831 4080 loci
854 4016 1045 4085 conditione
1065 4015 1278 4104 longitudinis
1307 4034 1339 4084 θῑ
1359 4018 1601 4110 amplitudini&
1641 4019 1785 4111 Palmam

339 4105 537 4200 plerumque
557 4109 718 4178 diametro
746 4132 882 4198 tenens,
914 4120 973 4187 sed
996 4122 1085 4188 haud
1109 4146 1185 4189 raro
1214 4121 1310 4201 latius
1333 4140 1459 4211 patens.
1518 4123 1590 4190 Fila
1612 4125 1784 4216 simplicia,

338 4209 533 4279 lubricitatis
548 4216 714 4305 erpertia,
737 4224 877 4305 tenacia,
902 4225 1059 4317 capillum
1073 4225 1252 4293 humanum
1266 4214 1410 4291 crassitie
1435 4226 1503 4292 fere
1526 4231 1705 4318 aequantia,
1729 4233 1784 4303 iu-

340 4318 470 4397 tricata,
504 4335 554 4399 et,
593 4319 620 4384 si
645 4322 863 4407 extricantur,
901 4330 1063 4421 pollicem¹
1079 4354 1183 4396 unum
1205 4327 1384 4398 alterumve
1408 4329 1522 4416 longa,
1562 4333 1623 4397 sub
1649 4333 1783 4402 cultello

338 4423 549 4511 crepitantia,
575 4422 707 4494 demum
721 4452 843 4520 parum
856 4432 1001 4502 flexuosa
1025 4453 1058 4502 et
1082 4438 1264 4520 conjugata.
1307 4434 1431 4502 Tubuli
1454 4435 1684 4503 transversales
1703 4438 1783 4504 bre-

336 4545 410 4605 V⁰⁸s
458 4528 568 4596 medio
590 4535 716 4621 pervii,
753 4561 793 4621 εις
808 4536 925 4604 medio
947 4540 1162 4609 articulorum
1183 4537 1387 4605 divaricatim
1417 4556 1581 4609 exeuntes.
1640 4540 1784 4608 Articuli

338 4623 498 4696 diametro
512 4629 592 4720 2plo
604 4634 772 4722 longiores
788 4641 841 4709 vel
854 4641 992 4711 eandem
1008 4662 1188 4736 aqvantes,
1213 4645 1318 4710 massi
1334 4641 1432 4712 viridi
1454 4643 1628 4729 grantdosi
1651 4663 1706 4721 aut
1727 4662 1782 4712 to·

339 4744 410 4794 tum
423 4733 551 4798 articuli
566 4740 707 4824 spatium
722 4765 904 4836 occupante
926 4765 983 4813 aut
1010 4750 1045 4814 in
1068 4747 1256 4839 cylindrum
1271 4748 1481 4816 utriculatum
1495 4740 1637 4841 collapsi
1652 4751 1782 4842 repleti.

339 4831 500 4899 Genicult
514 4835 663 4905 obtenta·
710 4846 813 4915 Color
830 4850 964 4917 sordide
979 4851 1112 4932 viridis,
1136 4878 1374 4946 nonnunquam
1388 4854 1575 4922 flavescens.
1620 4855 1782 4922 Substan-

339 4938 384 5005 tia
414 4953 544 5015 uncta,
574 4955 680 5009 tems
737 4950 801 5017 Par
823 4970 927 5023 totum
950 4974 1073 5023 aarum
1092 4958 1275 5040 inventur,
1310 4977 1342 5027 et
1361 4983 1473 5029 meuse
1494 4960 1575 5029 Maii
1597 4959 1783 5052 copulatam

280 5120 287 5129 ,
341 5040 421 5111 tidi-
469 5041 600 5111 Chartte
615 5045 689 5115 laxe
702 5049 856 5129 adheret.
898 5060 1053 5130 siccitate
1065 5063 1121 5131 vix
1136 5080 1290 5131 mutatur.

1283 5243 1387 5373 (22²)
