4812 6096
688 442 783 523 206*
1036 504 1040 513 .
1078 428 1264 512 SEC'I'IO'
1287 438 1460 514 SEXTA.
1514 440 1796 522 PALMELLA.

775 641 885 700 Ltctea
906 643 1075 719 botryoffles
1087 648 1154 702 ach.
1165 648 1333 745 Licb.prep.
1354 670 1381 724 p.
1397 668 1437 711 ιο.
1458 653 1538 723 (axel.
1559 673 1618 729 ayn.
1637 656 1674 713 Η,
1691 654 1811 729 dam)-
1824 659 1916 719 With.
1933 678 1964 737 4.
1982 682 2009 741 p.
2027 676 2053 735 3.
2075 702 2105 719 -
2123 668 2236 732 Selium.

840 731 933 766 enum.
955 733 980 774 2,
1011 735 1038 789 p.
1062 734 1120 771 121.

776 842 886 896 Nestou
904 841 1074 914 botryotdss
1099 847 1148 916 Ag.
1168 844 1231 916 Syn.
1253 864 1281 919 p.
1304 856 1364 912 135.

642 1012 796 1085 Habitat
816 1013 856 1083 in
880 1008 1072 1105 peninsula
1093 1008 1184 1081 Hals
1209 1036 1325 1104 prope
1348 1010 1625 1110 Hofmansgave
1649 1022 1789 1096 Fioniae
1813 1028 1854 1099 in
1868 1030 2133 1109 terrebuniida
2151 1063 2239 1111 um-

642 1151 763 1219 brosa.
787 1187 839 1203 —
860 1148 905 1219 In
922 1143 1048 1218 instilis
1062 1145 1316 1219 Faeroensibus
1333 1150 1373 1219 in
1394 1158 1492 1221 terra
1517 1152 1657 1227 turfesa
1674 1160 1747 1230 uda
1766 1173 1805 1233 et
1824 1164 1866 1235 iu
1890 1165 2063 1261 Sphaguo
2090 1172 2237 1259 obtusi-3

645 1281 744 1356 folio.

692 1470 817 1539 DESC.
867 1471 1019 1539 Frondea
1041 1490 1237 1560 aggregatae,
1271 1475 1415 1557 exiguae,
1450 1476 1576 1541 semina
1596 1477 1792 1567 Papaveris
1813 1483 1994 1572 somniferi
2014 1493 2240 1575 magnitudine

778 1578 833 1644 vix
853 1595 1068 1669 superantes,
1091 1577 1224 1659 solidas,
1245 1579 1306 1644 sub
1319 1577 1409 1644 lente
1424 1580 1692 1672 semipellucidae,
1718 1586 1856 1670 granula
1873 1590 2089 1659 minutissima
2105 1595 2241 1681 globosa
2300 1614 2303 1627 ‘

780 1680 998 1748 includentes.
1045 1680 1148 1750 Color
1162 1683 1288 1752 viridis.
1325 1684 1518 1752 Substantia
1528 1687 1786 1774 subgelatinosa,
1804 1716 1953 1763 carnosa.
1998 1698 2086 1766 Vere
2099 1717 2241 1768 etaesta·

779 1804 813 1851 te
831 1784 906 1873 legi.
1604 1794 1607 1799 ⁴
1858 1794 1862 1801 ’

699 1963 792 2031 0138.
841 1965 932 2028 Intus
948 1959 1062 2028 solidae
1076 1962 1158 2029 milri
1172 1965 1249 2031 visse
1265 1982 1342 2032 aunt
1355 1964 1510 2045 frondes,
1536 1990 1609 2058 qvae
1625 1968 1784 2038 diffracta
1799 1970 1946 2065 lentiqve
1962 1976 2118 2063 subjectae
2130 2004 2152 2045 e
2165 2004 2244 2064 gra-

781 2067 871 2134 nulis
886 2067 1029 2153 globosis
1047 2067 1209 2136 viridibus
1225 2090 1375 2138 constare
1390 2071 1690 2161 conspiciebantur,
1712 2100 1814 2166 qvas-e
1830 2104 1884 2145 eas
1901 2079 1943 2146 ad
1957 2080 2023 2148 boc
2038 2106 2138 2167 genus
2152 2086 2244 2152 refe·-

784 2173 905 2239 rendas
925 2197 993 2238 csse
1010 2171 1157 2255 credidi3
1179 2174 1289 2240 radice
1301 2176 1448 2251 minan,
1473 2198 1537 2263 qva
1551 2181 1768 2268 corporibus,
1795 2184 1915 2272 quibus
1930 2187 2164 2268 innascuntur,
2191 2190 2244 2256 af-

783 2277 856 2342 fixae
875 2296 969 2351 sunt,
996 2302 1049 2344 eas
1063 2279 1236 2344 instructas
1248 2304 1339 2360 esse,
1366 2279 1456 2344 haud
1476 2297 1599 2348 temere
1620 2284 1791 2375 suspicor,
1812 2284 1891 2353 licet
1912 2291 1948 2355 in
1974 2307 2063 2358 tanta
2083 2296 2247 2387 parvitate

791 2381 842 2449 uil
858 2385 939 2450 certi
955 2382 995 2450 de
1012 2409 1049 2451 ca
1063 2384 1286 2476 pronunciare
1303 2383 1452 2452 audeam.

456 2669 549 2744 Tab.
567 2672 629 2764 69.
727 2673 764 2749 7.
818 2669 865 2740 P.
879 2644 1072 2762 alpibola3
1098 2667 1425 2761 fronde-difformi,
1443 2691 1599 2764 rugosa,
1622 2669 1742 2763 molli,
1759 2672 1876 2746 rubra
1883 2699 1895 2769 3
1921 2674 2246 2777 grmtilisintemit

651 2804 824 2897 minutis,
845 2808 979 2894 ovatio,
1003 2804 1137 2875 rubris.

795 2985 873 3039 Ulva
887 2995 1033 3035 montana
1060 2981 1166 3052 Ligbti.
1185 3001 1212 3053 p.
1235 2999 1296 3053 975.
1311 3016 1345 3033 -
1362 2982 1454 3040 Huds.
1469 3003 1502 3056 p·
1527 2985 1587 3052 652
1606 3017 1635 3035 -
1651 2985 1742 3042 With.
1756 3005 1789 3061 4.
1808 3007 1837 3062 p.
1854 3006 1914 3046 m.

651 3141 808 3213 Habitat
820 3160 929 3229 supra
945 3133 1093 3204 Musoos
1110 3146 1148 3202 et
1162 3134 1341 3207 Lichenes
1363 3139 1411 3207 ad
1426 3161 1514 3209 saxa
1529 3138 1650 3229 alpina
1667 3143 1706 3211 in
1718 3147 1927 3251 summitate
1946 3150 2094 3239 rupium
2117 3150 2254 3223 altissi⁴

655 3299 799 3347 marum
817 3269 1082 3358 Faeroensium‚
1098 3268 1298 3365 Skielling,
1317 3271 1476 3344 .Sncisen
1496 3283 1539 3343 ,et
1554 3272 1716 3344 Eilslield
1734 3298 1851 3368 prope
1875 3278 2024 3373 Qvivig‚
2045 3281 2147 3355 haud
2168 3283 2253 3355 fre-

656 3431 779 3504 quens.

704 3582 830 3652 DESC.
879 3580 988 3649 Frons
1004 3578 1201 3665 gelatinosa,
1225 3577 1344 3658 rubra,
1364 3576 1552 3658 difformis,
1575 3600 1716 3662 rugosa,
1741 3589 1803 3652 2-3
1819 3577 1957 3669 pollices
1970 3581 2015 3645 'in
2030 3581 2190 3652 diametro
2204 3603 2258 3652 te-

792 3712 895 3767 nens,
924 3687 1164 3777 semipulliccm
1186 3685 1318 3751 circiter
1334 3708 1462 3763 crassa,
1492 3680 1621 3763 mullas,
1652 3682 1770 3751 solida.
1826 3682 1975 3752 Granula
1994 3686 2082 3753 intra
2102 3692 2259 3757 substan-

794 3796 873 3859 tiam
890 3811 987 3859 ovata
1001 3790 1054 3857 vel
1069 3790 1222 3876 globosa,
1250 3789 1543 3857 atrorubescentia.
1592 3786 1695 3855 Color
1717 3788 1847 3857 fiendis
1863 3790 1982 3870 ruber,
2015 3795 2180 3860 exsiccatae
2203 3797 2262 3861 in-

796 3897 932 3960 tensior.
982 3894 1170 3958 Substantia
1193 3890 1390 3978 gelatinosa‚
1419 3893 1548 3974 mollis,
1579 3895 1724 3972 viscosa,
1754 3895 1920 3961 exsiccata·
1933 3897 2085 3964 coriaaea
2107 3897 2158 3967 vcl
2178 3923 2262 3969 cru-

793 4016 882 4063 stam
893 3997 1146 4063 atrorubcntem
1158 3998 1359 4089 relinquens.
1407 4000 1549 4065 Aestate.
1597 3994 1815 4091 Chartaelaxe
1832 3995 1989 4066 adhaeret.

712 4161 805 4231 OBS.
853 4159 923 4228 Cel.
938 4161 1194 4253 Ligbtfootius,
1217 4165 1276 4255 qvi
1298 4164 1333 4229 in
1346 4163 1507 4229 montosis
1526 4157 1640 4227 insulae
1655 4157 1794 4226 Scoticae
1807 4161 1895 4252 Skye
1916 4164 2002 4228 banc
2025 4167 2168 4254 speciem
2183 4172 2264 4254 pri-

800 4293 872 4334 mus
890 4267 1030 4351 detexit,
1064 4270 1160 4347 dicit,
1193 4293 1263 4335 eam
1280 4270 1374 4335 Fuco
1383 4266 1540 4355 pcdmato
1559 4289 1629 4331 esse
1648 4266 1808 4346 similem3
1839 4285 1871 4330 ct
1892 4285 1979 4332 certo
1995 4269 2030 4332 in
2050 4286 2134 4333 statu
2150 4274 2269 4338 exsic-

800 4394 891 4453 cato,
919 4375 946 4440 si
962 4373 1117 4441 frondem
1130 4375 1229 4459 hujus
1250 4390 1371 4441 nostrae
1387 4372 1583 4437 crassiorem
1594 4372 1817 4461 excipiamus,
1849 4369 1987 4435 srustula
2007 4373 2156 4456 ejusdcm
2175 4376 2268 4445 bene

801 4480 937 4572 qvidem
953 4462 1142 4561 tabulatum
1163 4504 1269 4571 quare
1286 4480 1400 4557 etiam,
1427 4500 1503 4551 cuns
1519 4477 1629 4570 prima
1645 4477 1716 4543 vice
1740 4477 1835 4542 obvia
1847 4476 1932 4540 anibi
1955 4476 2073 4557 fuerit,
2104 4503 2169 4570 pro
2187 4481 2269 4548 ssu.

802 4583 894 4653 saulis
913 4583 994 4650 Fuci
1017 4584 1180 4668 ejusdcm,
1212 4585 1317 4652 ventis
1337 4600 1369 4650 ct
1391 4582 1636 4674 tempestatibus
1653 4581 1695 4647 ad
1709 4605 1835 4647 summa
1855 4582 1989 4671 rupium
2008 4582 2107 4648 latera
2125 4589 2272 4673 projec-

804 4691 864 4765 tis,
894 4711 965 4753 eam
980 4687 1101 4771 habui3
1130 4689 1189 4755 scd
1205 4713 1281 4754 cum
1294 4689 1415 4756 deinde
1438 4686 1576 4754 candem
1598 4685 1809 4773 gelatinosam
1825 4687 2038 4769 invenissem,
2069 4693 2272 4760 sententiam

804 4794 938 4858 mutavi.
987 4795 1130 4860 Nomine
1145 4812 1254 4858 autom
1267 4792 1476 4882 Liglstfootii
1490 4793 1645 4884 specifico
1661 4792 1712 4857 uti
1728 4816 1797 4858 nou
1810 4795 1925 4883 potui,
1955 4794 2114 4885 qvoniam
2127 4819 2268 4878 nomen,

807 4896 898 4988 qvod
914 4921 972 4981 ego
990 4897 1067 4962 huic
1084 4898 1205 4987 speciei
1221 4900 1383 4987 imposui,
1414 4898 1531 4969 tabulae
1546 4902 1616 4982 jam
1636 4914 1733 4971 antea.
1755 4894 1957 4990 insculptum
1980 4917 2066 4979 erat,
2088 4922 2271 4991 qvamsy-

806 5024 991 5091 nonymum
1004 4998 1306 5089 Ligbtfootianum
1320 5004 1624 5074 animadverteram.
1652 5000 1746 5070 ldem
1759 5005 1858 5073 etiam
1870 5001 1957 5072 valet
1970 5002 2159 5073 deuouisse
2174 5002 2272 5089 Confi
2285 5057 2290 5063 .

801 5106 919 5195 fervae
936 5105 1085 5197 alpinae,
1108 5107 1150 5175 de
1163 5131 1229 5201 qva
1243 5124 1348 5175 autea.
1839 5104 1845 5109 ’
