4772 6106
521 488 955 565 suceessorum
1003 491 1373 567 oseumroma·
1636 511 1685 590 os
1745 470 1747 474 '

289 713 502 789 proreptant,
528 720 626 786 qvam
647 698 749 766 denso
775 702 925 791 caespite,
956 718 1098 766 saturato
1120 700 1239 781 viridi,
1262 725 1324 791 per
1348 698 1460 791 plures
1483 723 1599 791 orgyas
1622 706 1733 773 obdu-

290 821 386 880 cunt,
418 821 450 869 et
464 820 529 867 tam
541 801 703 869 lubricam
716 803 862 871 reddunt
869 853 879 886 ,
905 821 941 869 ut
961 823 1073 873 caveat
1094 807 1157 871 sibi
1179 807 1363 888 ingressor,
1388 829 1431 869 nc
1451 804 1591 895 pedibus
1615 811 1732 876 titubet

289 924 386 995 atqve
400 907 510 990 cadat3
535 907 612 972 huic
627 906 806 974 lubricitati
822 912 937 992 vagina
952 912 1023 975 sinc
1038 908 1143 976 dubio
1166 911 1202 972 in
1225 932 1321 974 causa
1344 925 1403 974 eat.
1449 909 1537 975 Vere
1559 929 1592 976 et
1612 930 1732 979 aestate.

286 1044 329 1060 -
351 1010 496 1092 Chartae,
516 1009 663 1078 aschelo
680 1030 837 1103 purgata,
861 1013 946 1078 benc
967 1012 1124 1079 adhaeret.

196 1158 291 1226 OBS.
340 1159 451 1248 Qvam
465 1161 541 1227 huic
559 1165 680 1254 speciei
695 1163 773 1229 dedi
797 1162 968 1248 diagnosin
992 1163 1033 1228 ab
1057 1188 1111 1243 ca,
1138 1186 1210 1254 qvae
1231 1165 1266 1228 in
1287 1163 1387 1231 Flora
1408 1163 1524 1231 danica
1549 1166 1735 1250 exhibetur,

283 1263 419 1331 differre
441 1269 687 1358 comparatione
706 1269 851 1360 patebit3
877 1291 952 1333 eum
971 1285 1087 1333 natura
1111 1292 1190 1333 vero
1214 1271 1417 1350 consentire,
1450 1271 1734 1339 observationibus

282 1370 529 1461 microscopicis
544 1374 716 1439 constabit.
763 1371 935 1437 Interdum
951 1370 1040 1437 nulla
1057 1373 1091 1435 in
1106 1370 1169 1437 filis
1186 1374 1389 1462 conspicitur
1414 1376 1528 1457 vagina
1534 1400 1545 1457 3
1568 1376 1660 1442 adest
1681 1396 1733 1443 ta-

281 1498 377 1555 men,
410 1475 468 1542 sed
489 1476 712 1547 Oseillatorias
735 1480 822 1543 intus
845 1478 1064 1543 communiter
1085 1474 1284 1566 pullulantes
1309 1494 1374 1540 tam
1396 1495 1485 1542 arcte
1505 1482 1664 1562 vestiens,
1696 1500 1734 1548 ut

281 1579 366 1645 hanc
384 1580 427 1646 ob
445 1605 575 1647 eausam
589 1585 644 1650 vix
658 1586 923 1673 inconspectum
938 1583 1057 1649 veniat.
1104 1579 1215 1644 Filum
1234 1580 1438 1655 universale,
1473 1584 1500 1648 si
1524 1583 1656 1650 laeditur
1678 1585 1732 1654 vel

281 1682 356 1775 plus
368 1687 456 1770 justo
480 1690 658 1777 premitur,
685 1689 719 1751 in
734 1685 848 1777 plures
865 1685 1017 1765 lacinias,
1041 1706 1154 1751 omnes
1169 1684 1352 1767 vaginatas,
1377 1684 1555 1770 dividitur3
1577 1689 1656 1755 hinc
1673 1716 1731 1756 ra·

283 1810 409 1854 mosum
426 1808 459 1857 et
473 1793 562 1857 intus
578 1789 743 1880 spiraliter
756 1807 881 1855 tortum
895 1789 1065 1885 interdum
1079 1806 1236 1877 apparet,
1261 1788 1340 1853 hinc
1357 1790 1454 1855 ctiam
1469 1790 1633 1881 adspices
1651 1821 1734 1862 aeu-

285 1895 449 1959 minatum.
495 1895 556 1960 Est
569 1897 668 1978 igitur
681 1893 906 1961 Oscillotoria
920 1893 1188 1981 elethonoplustea
1202 1909 1357 1983 tanqvam
1371 1895 1490 1958 matrix
1502 1894 1672 1976 habenda,
1696 1901 1733 1964 in

285 2019 345 2088 qva
363 1998 577 2065 Oseillatoriae
592 1998 719 2078 multae,
745 1999 910 2065 inlautum
927 1997 1093 2077 adinstar,
1119 1998 1260 2061 invicem
1287 2014 1485 2077 generantur
1510 2015 1543 2062 et
1568 2018 1730 2083 creseunt,

282 2102 371 2194 qvae,
395 2128 470 2169 eum
486 2102 528 2169 ad
543 2106 761 2170 maturitatem
777 2103 1003 2194 pervenerint,
1027 2117 1083 2163 aut
1096 2122 1158 2196 per
1176 2098 1305 2186 apicem
1317 2115 1373 2161 aut
1385 2121 1446 2186 per
1462 2098 1563 2163 latera
1579 2101 1728 2196 disrupta

280 2210 404 2293 vaginae
426 2208 615 2289 elabuntur,
652 2227 685 2275 et
710 2208 848 2288 deinde,
880 2206 1002 2273 sensim
1024 2203 1210 2291 sensimqve
1237 2200 1351 2264 matris
1375 2218 1525 2267 naturam
1547 2204 1730 2294 induentes,

280 2337 400 2381 novam
408 2313 539 2405 prolem
554 2311 667 2379 eadem
680 2315 809 2379 ratione
825 2310 1058 2379 verosimiliter
1072 2322 1308 2400 progenerant.
1332 2341 1374 2354 -
1398 2307 1556 2387 Varietas,
1576 2312 1603 2374 si
1617 2310 1728 2382 locum

278 2418 420 2485 natalem
442 2421 658 2511 excipiamus,
689 2416 784 2483 nullo
801 2416 903 2483 modo
928 2417 969 2481 ab
994 2445 1016 2487 a
1039 2413 1178 2479 diversa.
1208 2448 1249 2462 -
1272 2411 1425 2476 Ceterum
1444 2412 1480 2475 in
1502 2428 1590 2478 textu
1617 2418 1725 2488 Florae

279 2524 403 2590 danicae
417 2548 554 2615 seqvcns
570 2524 639 2590 Cel.
657 2521 840 2611 Hofmann
847 2521 978 2609 Bangii
992 2518 1033 2584 de
1049 2520 1112 2583 hac
1127 2517 1240 2608 planta
1259 2515 1399 2580 habetur
1415 2515 1610 2599 observatio,
1628 2546 1727 2613 qvam

277 2628 331 2695 hie
346 2632 544 2716 subjungere
559 2628 673 2693 liceats
697 2629 848 2691 ”Nomen
864 2625 961 2709 hujus
978 2623 1100 2713 speciei
1123 2646 1141 2686 e
1157 2618 1324 2687 vocabulis
1347 2622 1459 2703 graeeis
1480 2627 1564 2708 χθὼν
1580 2644 1612 2691 et
1626 2636 1725 2704 eade·

279 2741 356 2807 ”saw
370 2735 559 2825 composuit
574 2729 645 2797 Cel.
661 2733 830 2806 Mertens,
851 2727 942 2794 Pros.
958 2727 1154 2805 Bremensis‚
1177 2726 1404 2792 observatione
1419 2749 1490 2790 mea
1510 2728 1551 2793 de
1567 2731 1629 2799 hac
1644 2736 1729 2821 alga,

281 2843 423 2932 ’'qvippe
439 2861 511 2929 qvae
525 2836 630 2903 sundo
651 2837 750 2901 maris
776 2831 927 2917 augendo
949 2830 1151 2897 elevandove
1165 2830 1338 2909 inserviat,
1364 2829 1538 2916 inductus3
1563 2834 1727 2908 filamenta

278 2947 385 3010 ”enim
401 2942 524 3010 viscids
539 2943 733 3008 csubstrato
748 2938 925 3022 singulari,
952 2934 1047 3025 qvale
1062 2935 1130 3002 sere
1153 2938 1189 3000 in
1214 2933 1431 3002 Oscillatoriis
1459 2936 1498 3005 V
1494 2942 1655 3011 mulieris·
1669 2972 1727 3014 re-

276 3052 443 3142 ''peritnr,
463 3047 638 3139 qvotannis
653 3045 839 3123 nascentia,
862 3038 1013 3107 sabulum
1029 3041 1060 3106 vi
1076 3040 1236 3134 flnctuum
1251 3039 1424 3108 advectum
1439 3046 1613 3113 retinendo
1627 3068 1727 3118 strata

260 3139 574 3243 '²²sabulo'limoqve
588 3149 780 3215 alternantia
795 3171 927 3236 semper
937 3169 1133 3236 semperqve
1146 3146 1301 3213 formant.
1349 3148 1481 3215 Scilicet
1495 3174 1534 3214 ex
1550 3175 1607 3231 eo,
1632 3157 1726 3245 qvod

276 3259 454 3337 ''dicimus‚
478 3258 642 3323 substrato
658 3254 754 3319 limus
770 3255 831 3318 iste
844 3267 1059 3342 procreatur,
1082 3252 1138 3342 qvi
1158 3250 1330 3342 particulis
1350 3252 1593 3323 {ilementorum
1613 3264 1726 3352 putri·

276 3363 347 3429 ”dis
361 3364 527 3428 immixtus
543 3378 642 3426 strata
658 3357 826 3425 interdum
841 3355 968 3421 colorat
981 3377 1109 3421 carnea.
1155 3359 1273 3425 Variat
1286 3359 1329 3423 ita
1343 3377 1522 3429 stratorum
1546 3368 1661 3455 copia,
1686 3386 1723 3433 ut

276 3466 341 3531 ”ad
354 3468 470 3550 viginti
487 3482 518 3528 et
533 3464 623 3555 qvod
637 3463 765 3529 excedit
783 3461 996 3527 numerarim.
1019 3494 1060 3508 -
1084 3459 1344 3526 Filamentorum
1366 3455 1613 3531 structura‘eta
1630 3472 1723 3536 Con-

279 3567 399 3630 ”iervis
414 3585 447 3629 ct
460 3568 500 3629 sb
513 3566 730 3630 Oscillatoriis
747 3566 873 3644 differt3
897 3586 1069 3631 commune
1084 3579 1191 3625 tamen
1206 3587 1283 3628 eum
1297 3563 1515 3631 Oscillatoriis
1530 3591 1598 3633 non
1614 3572 1723 3639 solum

282 3665 402 3730 ”habet
420 3666 635 3744 substratum,
664 3668 896 3734 verumetiam
921 3668 1061 3735 celerem
1080 3667 1250 3732 crescendi
1276 3664 1479 3749 facultatem,
1508 3673 1722 3760 portiuncula

280 3770 389 3835 ”enim
403 3769 501 3854 hujus
517 3767 612 3854 algae,
636 3770 670 3834 in
686 3770 840 3836 schedula
858 3772 908 3840 vel
925 3773 1046 3838 lamina
1060 3775 1162 3840 vitrea
1176 3773 1238 3838 sub
1258 3796 1340 3862 aqva
1357 3796 1515 3862 expansa,
1540 3774 1645 3843 celere
1665 3782 1724 3846 in-

276 3882 502 3940 ”crementum
517 3875 621 3964 capit,
647 3891 678 3939 et
691 3899 776 3943 nova
792 3878 924 3969 profert
938 3878 1010 3962 lile,
1032 3901 1103 3971 qvae
1120 3880 1164 3944 ita
1178 3876 1441 3970 propullulantia
1453 3878 1644 3948 schedulam
1659 3908 1723 3953 eo·-

271 3978 367 4053 ,’'lore
382 3978 532 4048 caeruleo
548 3977 751 4053 obducunt?

217 4267 273 4337 13
329 4255 372 4323 0.
397 4252 660 4346 scopulorum,
684 4249 751 4360 iilis
776 4254 1018 4349 simplicibus,
1043 4258 1234 4344 viridibus,
1254 4254 1517 4349 rigidiusculis,
1540 4260 1720 4355 flexuosis,
1744 4269 1835 4342 Tab.
1854 4282 1916 4357 27.

140 4391 273 4478 acutis,
295 4388 537 4478 brevissimis,
557 4391 736 4480 eeaespite
753 4392 867 4462 denso
883 4395 1070 4469 stroviridi
1092 4395 1236 4463 erectis.

271 4554 460 4606 Osetllatort'a
477 4554 656 4625 scopulorum
672 4555 721 4624 Ag.
740 4553 822 4624 Disp.
843 4574 873 4626 p.
892 4569 936 4623 37.
952 4573 979 4611 ct
995 4558 1060 4628 Syn.
1078 4576 1105 4627 p.
1127 4574 1184 4609 tir.

273 4654 419 4725 conserva
437 4656 617 4726 scopulorum
635 4656 719 4711 Web.
742 4670 768 4708 et
787 4655 871 4708 Mohr
890 4658 919 4711 it.
941 4676 1011 4713 tvae
1032 4680 1058 4732 p,
1083 4671 1138 4729 195.
1161 4654 1232 4710 Tab.
1249 4664 1275 4721 3.
1295 4655 1340 4725 fig.
1357 4674 1384 4710 a.
1406 4652 1432 4707 ὃ.
1451 4678 1485 4696 -
1502 4652 1594 4710 Dillw.
1609 4658 1713 4715 lotrod.

334 4742 362 4795 p.
382 4736 417 4794 39
447 4724 542 4796 Suppl.
562 4723 634 4777 st.
656 4730 692 4778 A.
707 4751 743 4766 ·-
764 4723 848 4778 ltoth.
869 4724 930 4781 Cat.
953 4727 1009 4785 bot.
1031 4740 1056 4793 3,
1077 4746 1104 4800 p.
1127 4743 1183 4796 ¹9¹·

131 4858 291 4935 Habitat
305 4850 450 4936 ad‘saxs
465 4867 605 4936 marina
621 4863 844 4937 Hindsholm
858 4866 1005 4959 Fioniae,
1023 4876 1061 4939 et
1076 4869 1124 4940 ad
1138 4892 1248 4962 rupes
1267 4866 1469 4938 insularum
1490 4871 1711 4941 exteriorum

131 5012 217 5070 ante
231 5003 362 5071 ostium
378 5003 476 5071 sinus
492 4999 668 5069 Oxefiord
688 5000 900 5094 Norvegise,
920 5001 1029 5096 paulo
1052 5000 1150 5076 inira
1169 5002 1394 5096 superficiem
1420 5004 1555 5093 maris,
1581 5004 1644 5072 ubi
1666 5001 1713 5071 ab

129 5136 238 5205 undis
252 5137 402 5208 marinis
416 5134 495 5207 fere
517 5157 663 5228 semper
676 5133 885 5210 inundetur.
