4728 6088
622 1131 1396 1276 PRAEFATIO.
1509 1284 1513 1287 ,

856 1433 1205 1461 ⁵*

142 1610 319 1742 Pauca
343 1655 397 1738 in
420 1649 585 1739 limine
605 1651 781 1771 operis,
818 1669 873 1742 ut
898 1653 1044 1743 moris
1073 1672 1164 1765 est,
1198 1646 1500 1774 praefaturus,
1536 1651 1770 1777 originem
1793 1652 1925 1771 ejus--

145 1793 259 1888 dem
288 1815 335 1887 et
358 1797 591 1883 rationem
617 1791 823 1888 breviter
847 1800 1105 1911 enarrabo,
1146 1792 1377 1913 adjiciens
1402 1790 1544 1883 simul
1572 1826 1671 1917 qvas
1701 1794 1796 1884 alia
1817 1793 1916 1885 huc

144 1942 408 2066 spectantia
430 1959 602 2029 notatu
625 1935 770 2066 digna
790 1940 1077 2033 viderentur.
1146 1937 1336 2030 Placuit
1361 1935 1547 2028 scilicet
1568 1936 1699 2027 almae
1713 1941 1919 2030 Univer-

142 2088 269 2176 sitati
295 2086 454 2209 Regiae
481 2081 732 2201 Hafniensi
758 2116 850 2209 pro
883 2117 1011 2178 anno
1040 2088 1147 2197 1316
1177 2084 1485 2208 qvaestionem
1514 2084 1792 2183 Botanicam
1817 2105 1914 2177 stu-

140 2225 292 2327 diosis
316 2231 413 2322 suis
439 2225 772 2353 explicandam
790 2251 1088 2357 proponere,
1122 2228 1197 2320 his
1224 2225 1383 2321 verbis
1411 2233 1753 2353 conscriptamz
1819 2324 1822 2331 ⁴

272 2440 476 2532 Constat
501 2470 602 2532 non
625 2471 806 2565 paucas
830 2440 1058 2571 Aigarum
1089 2438 1275 2564 species
1310 2467 1425 2528 cura
1457 2458 1504 2529 et
1529 2440 1686 2529 studio
1716 2439 1908 2539 Oederi,

271 2586 329 2676 Ο.
350 2587 397 2674 F.
420 2576 643 2689 Mulieri,
686 2590 738 2678 V
731 2585 879 2684 ahere,
913 2588 1170 2705 Hofmann
1187 2585 1369 2707 Bangii
1387 2580 1682 2710 aliorumqve
1701 2584 1753 2669 in
1775 2584 1908 2702 aqvis

271 2725 488 2819 dulcibus
521 2729 881 2853 atqvemarinis
909 2720 1079 2814 Daniae
1106 2722 1354 2853 indagatas
1381 2756 1599 2817 necnon
1631 2726 1908 2850 descriptas,

269 2870 355 2963 sed
378 2854 467 2965 nec
489 2874 547 2963 ab
573 2870 686 2988 illis,
718 2903 808 2970 nec
828 2871 888 2962 ab
910 2868 1014 2961 aliis
1040 2874 1340 3009 systematice
1361 2867 1617 2997 dispositas
1645 2902 1759 2961 esse.
1815 2872 1912 2961 Po-

270 3016 505 3112 studetur
493 3021 637 3143 igitur
665 3014 918 3131 dispositio
948 3019 1250 3139 systematica
1282 3019 1497 3107 omnium
1527 3016 1740 3143 algarum
1765 3047 1909 3140 aqva·
1919 3070 1922 3076 ·

269 3165 471 3254 ticarum
484 3165 653 3252 Daniae
674 3162 919 3319 hueusqve
943 3160 1237 3254 detectorum
1260 3158 1664 3289 descriptionibus
1691 3184 1738 3256 et
1764 3193 1905 3287 syno-

156 3370 161 3381 «
266 3312 422 3433 nymis
453 3306 697 3402 illustrata.

129 3529 259 3645 Qvae
284 3530 496 3691 qvidem,
537 3557 591 3625 ut
615 3537 824 3658 primum
848 3532 967 3625 mibi
993 3538 1229 3647 innotuit,
1274 3542 1486 3628 animum
1507 3535 1650 3629 facile
1672 3535 1900 3644 incitavit,

132 3689 191 3762 ut
216 3671 338 3760 vires
368 3675 420 3759 in
446 3674 539 3762 hac
557 3681 808 3768 Botanices
833 3708 977 3770 arena
1004 3677 1353 3805 qualescunqve
1384 3681 1633 3802 experirer.
1701 3679 1793 3764 Per
1819 3671 1901 3765 de·

127 3816 359 3906 cennium
378 3813 569 3936 qvidem
590 3841 638 3910 et
655 3818 782 3945 qvod
799 3826 1006 3915 excurrit
1023 3824 1085 3915 ad
1101 3857 1201 3916 rem
1217 3821 1488 3916 herbariam
1503 3819 1783 3967 plantasque
1803 3843 1902 3911 tam

123 3955 385 4086 indigenas
415 3992 553 4073 ovam
576 3970 789 4058 exoticas
826 3967 1191 4136 cognoscendas
1218 4001 1326 4060 cum
1351 3972 1562 4061 animum
1588 3988 1729 4059 antea
1751 3978 1903 4092 app'u-

121 4102 310 4215 lissem,
342 4125 390 4195 et
406 4103 596 4230 plantas
607 4133 948 4275 cryptogamas
969 4117 1020 4203 in
1037 4146 1210 4243 genere
1225 4117 1405 4237 pariter
1425 4136 1563 4237 atqve
1581 4108 1900 4237 Hydrophyta

119 4248 174 4336 in
200 4252 408 4387 specie
400 4254 577 4342 sensim
604 4257 935 4378 inspexissem‚
980 4291 1137 4382 operae
1171 4259 1380 4382 pretium
1408 4254 1568 4345 habui
1590 4258 1898 4377 qvaestionem

118 4391 294 4485 saitem
319 4415 524 4510 tentare,
565 4395 867 4525 ejusdemqve
897 4400 1078 4496 faciens
1105 4399 1373 4527 periculum
1408 4398 1721 4526 explicandae,
1764 4398 1897 4491 boris

117 4540 410 4652 subsecivis,
456 4563 685 4664 qvatenus
715 4567 901 4671 tempus
925 4566 1015 4673 per
1044 4547 1137 4637 alia
1167 4550 1363 4675 negotia
1393 4547 1643 4671 suppetiit,
1679 4546 1899 4635 minutis·

114 4688 261 4776 simas
290 4684 381 4774 has
399 4684 606 4807 plantas,
639 4719 837 4811 qvarum
859 4696 1025 4816 potior
1041 4721 1151 4816 pars
1172 4690 1364 4781 oculum
1385 4722 1486 4782 non
1505 4711 1740 4781 armatum·
1757 4687 1891 4814 fugit,

111 4838 295 4953 partim
325 4824 390 4915 ad
414 4827 591 4922 lentem
613 4829 874 4950 delineare,
902 4841 1076 4963 partim
1094 4833 1498 4961 descriptionibus
1525 4833 1894 4955 illustrarepau·

109 4969 249 5070 latim
266 4979 479 5102 suscepi.
536 4973 924 5103 Accidit-autem,
957 5011 1066 5079 cum
1083 4980 1224 5074 inhis
1244 5012 1374 5075 eram
1393 5000 1676 5105 occupatus,
1707 4995 1892 5063 mune.

1433 5145 1499 5230 (Β)
