4772 6106
679 444 732 518 80
1017 423 1190 498 SECTIO
1215 420 1454 498 SECUNDA.
1511 420 1813 501 VAUCHERIA'.

677 632 804 702 DESC.
851 626 925 696 Fila
948 651 987 695 ex
1011 652 1171 721 corpore,
1194 631 1248 696 cui
1272 631 1504 713 innascuntur,
1530 633 1676 725 undiqve
1700 653 1733 702 et
1753 634 1908 704 radiatim
1936 642 2101 725 exeuntia,
2128 646 2208 712 duas

764 734 807 800 ad
825 750 890 800 tres
906 734 1007 800 lineas
1028 732 1145 819 longa,
1171 737 1402 812 minutissima,
1425 734 1571 817 lubrica,
1596 736 1725 820 albida,
1750 740 1834 809 adeo
1858 760 1896 808 ut
1919 769 2031 813 musca
2056 765 2210 839 tauquam

762 837 884 904 nebuli
899 837 1133 905 circumvoluta
1150 842 1186 905 iu
1202 862 1284 930 aqva
1300 839 1446 932 pendere
1461 839 1558 908 oculo
1570 841 1661 909 nudo
1675 841 1844 926 videaturs
1867 849 1928 912 sub
1949 849 2038 917 lente
2064 851 2119 917 fila
2134 869 2211 917 sunt

763 940 935 1035 simplicia,
952 942 1022 1007 basi
1037 961 1209 1023 attenuata,
1225 945 1368 1035 hyalino,
1391 946 1517 1034 apicem
1533 968 1646 1011 versus
1660 946 1784 1015 clavata
1800 950 2010 1045 granulisqve
2025 956 2209 1022 minutissi-

765 1050 828 1112 mis
846 1045 989 1129 globosis
1013 1046 1269 1115 fuscescentibus
1286 1049 1477 1115 densissime
1493 1051 1670 1140 compactis
1686 1053 1774 1120 intus
1788 1052 1902 1122 sancta.
1922 1057 2053 1137 gColor
2068 1058 2209 1138 albidus,

768 1153 886 1217 uitem.
932 1150 1120 1219 Substantia
1136 1154 1401 1234 membranacea,
1426 1150 1565 1218 lubrica.
1610 1155 1751 1223 Aestate.

898 1349 932 1384 **
972 1345 1129 1411 oesictdis
1153 1344 1249 1412 binis.
1288 1390 1293 1399 κ

435 1506 527 1582 Tab.
547 1518 607 1591 22.
707 1513 765 1583 12.
818 1496 864 1569 V.
881 1485 1044 1589 sessilis5
1068 1498 1136 1572 filis
1155 1498 1405 1595 capillaribus,
1434 1504 1604 1596 ramosis,
1625 1500 1793 1576 vericulis
1817 1498 2021 1598 senilibus,
2038 1508 2213 1600 rabbinis,

635 1638 770 1726 ovatis,
795 1656 911 1705 cornu
923 1636 1139 1706 intermedio
1163 1634 1311 1706 reflexo.

767 1798 934 1854 Vauelaerta
950 1801 1057 1855 sessilis
1074 1798 1142 1856 Dec.
1164 1794 1190 1853 a.
1210 1798 1243 1856 is.
1263 1818 1298 1862 a,
1316 1818 1344 1873 p.
1363 1800 1408 1868 63.
1428 1832 1456 1849 -
1472 1792 1551 1871 Επεὶ
1571 1797 1629 1857 bot.
1648 1795 1720 1853 Tab.
1743 1799 1818 1869 1765.
1837 1832 1866 1849 -
1882 1802 1930 1873 Ag.
1951 1802 2017 1875 Syn.
2035 1825 2063 1879 p.
2081 1810 2122 1874 aa

763 1901 948 1973 Eetosperma
969 1906 1075 1958 sesstlt's
1099 1902 1206 1958 Vatielt.
1226 1921 1255 1977 p.
1274 1914 1315 1970 3¹·
1335 1903 1407 1960 Tab.
1427 1921 1451 1959 r.
1473 1902 1516 1975 fig.
1536 1919 1562 1974 7.

632 2041 785 2114 Habitat
799 2042 959 2114 infossis
977 2066 1069 2135 aqva
1083 2045 1263 2133 stagnanti
1274 2042 1422 2135 repletis
1437 2063 1552 2133 prope
1564 2041 1770 2113 Hadsmark
1784 2044 1934 2118 Fioniae.

675 2204 799 2272 DESC.
847 2204 976 2295 Caespes
1000 2202 1229 2282 densissimus,
1260 2201 1449 2283 intricatus,
1474 2201 1661 2294 superficiei
1683 2227 1774 2296 aqvae
1795 2206 1964 2285 innatans,
1996 2204 2132 2272 diversae
2153 2228 2214 2272 ett-

764 2311 933 2375 tensionis.
980 2305 1053 2373 Fila
1068 2306 1189 2398 capillo
1205 2307 1350 2375 humano
1366 2308 1538 2388 tenuiora,
1559 2330 1710 2388 ramosa,
1735 2310 1862 2400 apicem
1877 2332 1990 2374 versus
2014 2305 2234 2377 dichotoma.'

765 2410 925 2484 Vesiculae
943 2410 1086 2491 sessilcs,
1112 2428 1233 2491 ovatae,
1256 2410 1365 2479 medio
1381 2429 1506 2503 puncto
1522 2413 1711 2478 saturatiori
1730 2436 1816 2502 saepe
1831 2428 1968 2492 notatae,
1992 2435 2081 2478 nunc
2098 2411 2215 2479 solita-

764 2520 840 2591 riae,
872 2517 1029 2583 cornibus
1053 2517 1198 2583 recurvis
1220 2516 1354 2595 cinctae,
1386 2538 1474 2580 nunc
1496 2516 1583 2579 bina
1605 2518 1860 2606 approximate,
1891 2541 1996 2583 cornu
2018 2515 2214 2583 intermedio

766 2622 905 2689 alteram
930 2619 1148 2689 vesicularum
1170 2618 1398 2710 amplectente.
1445 2616 1549 2684 Color
1569 2615 1695 2708 pallide
1719 2621 1901 2701 virescens,
1925 2619 2143 2688 vesicularutu
2160 2621 2217 2684 in·

766 2729 900 2795 tensior.
949 2726 1136 2792 Substantia
1157 2725 1421 2806 membranacea,
1448 2719 1573 2790 tenera.
1620 2728 1754 2789 Annum
1814 2724 1927 2791 Primo
1953 2748 2041 2793 vere.
2087 2722 2217 2792 Cbartae

768 2831 841 2900 laxe
858 2831 1014 2897 adhaeret.

683 2950 775 3019 OBS.
821 2947 988 3019 vesiculas
1001 2948 1046 3012 ab
1063 2965 1202 3039 utroqve
1220 2946 1286 3012 fiae
1302 2944 1587 3035 progerminantes
1601 2944 1688 3009 inter
1703 2942 1758 3024 fila
1776 2944 1926 3009 intricata
1948 2941 2053 3009 libere
2069 2959 2214 3009 natantes

692 3119 704 3127 „
767 3075 835 3123 tam
848 3057 885 3120 in
898 3054 961 3119 hae
977 3055 1103 3143 specie,
1129 3076 1227 3144 qvam
1241 3052 1276 3115 iu
1292 3066 1468 3139 seqvcnte,
1493 3067 1529 3113 ut
1546 3051 1644 3113 etiam
1666 3049 1702 3113 in
1720 3047 1765 3114 V.
1786 3048 1993 3123 dichotomo,
2016 3046 2057 3111 dc
2073 3049 2135 3137 qvi
2153 3071 2215 3110 au·

768 3180 819 3229 tea
837 3161 970 3237 monui,
994 3157 1120 3248 pluries
1138 3155 1328 3237 observavi,
1354 3156 1490 3235 omnino
1506 3178 1546 3219 ex
1562 3169 1671 3219 mente
1686 3149 1756 3216 Cel.
1777 3150 1818 3217 V
1812 3151 1982 3228 auctarii,
2008 3149 2215 3216 accuratissi-

766 3268 813 3331 ini
836 3264 1069 3332 observatoris.

437 3490 528 3564 Tul,
545 3499 605 3574 23,
705 3482 763 3553 13.
819 3465 868 3538 V.
887 3463 1107 3558 geminata3
1131 3460 1200 3527 filis
1222 3460 1473 3548 capillaribus,
1499 3460 1732 3548 ‹li'ohotomis3
1757 3454 1922 3527 vesiculis
1944 3453 2059 3539 binis,
2084 3448 2217 3540 globos

610 3611 614 3617 '
633 3606 703 3695 sis,
722 3607 761 3677 in
776 3597 983 3696 pedunculo
999 3595 1184 3666 communi
1200 3601 1353 3663 cornuto
1373 3588 1568 3682 oppositis,
1594 3609 1707 3656 cornu
1729 3586 1944 3654 intermedio
1959 3592 2070 3652 recto.

770 3746 939 3868 Vauciessta
955 3752 1106 3816 geminata
1129 3739 1198 3795 Dae.
1227 3738 1254 3794 tl.
1274 3738 1307 3793 fs.
1327 3756 1351 3799 a.
1378 3755 1406 3808 p.
1425 3735 1468 3788 62.
1496 3768 1524 3782 -
1549 3732 1628 3803 Engl.
1649 3731 1706 3786 bot.
1727 3729 1800 3784 Tab.
1825 3732 1898 3800 1766.
1924 3764 1953 3779 -
1974 3731 2024 3799 Ag.
2042 3728 2111 3784 Dec.
2129 3747 2157 3785 n.
2179 3747 2218 3785 tt.

835 3831 863 3868 et
936 3850 945 3870 ο
990 3850 997 3863 ο
1054 3848 1060 3862 ι

773 3833 960 3986 Eetospeisisa
970 3822 1128 3982 :erisiam
1146 3908 1257 3963 Vaucb.
1276 3925 1303 3977 p.
1324 3921 1367 3971 29.
1387 3904 1458 3956 Tab.
1474 3921 1498 3955 a.
1518 3901 1562 3969 fig.
1583 3910 1608 3963 5.

1968 3886 1990 3919 fl

631 4061 792 4131 Habitat
811 4058 851 4125 in
867 4054 971 4124 fossis
993 4048 1242 4149 stagnantibus
1256 4045 1404 4115 Fiouiae.

685 4220 810 4288 DESC.
854 4216 983 4312 Cteipes
1003 4210 1231 4286 densissimus,
1257 4208 1291 4271 in
1308 4201 1481 4295 superficie
1496 4224 1587 4293 aqvae
1604 4218 1705 4269 strata
1720 4201 1850 4294 pedalia
1873 4219 1904 4264 et
1928 4196 2052 4263 uinaria
2066 4200 2222 4266 intricata

773 4326 931 4394 fortnans.
979 4316 1050 4383 Fila
1064 4310 1178 4402 capilli
1194 4311 1329 4377 humani
1346 4308 1510 4389 crassitie,
1534 4310 1662 4397 apicem
1675 4331 1787 4376 versus
1807 4288 1990 4395 prirprimis
2015 4304 2221 4370 dichotoma.

774 4423 957 4499 Pedunculi
973 4420 1169 4485 diametrum
1190 4414 1238 4479 fili
1260 4411 1466 4497 longitudine
1486 4413 1607 4505 2·3plo
1626 4425 1873 4500 exsuperantes,
1898 4408 1940 4473 ad
1961 4406 2063 4474 latera
2084 4408 2223 4476 filorum

772 4533 968 4625 plemmqvc
985 4520 1138 4601 secundi,
1164 4538 1197 4584 et
1211 4517 1288 4587 inde
1302 4516 1555 4586 horizontalitcr
1576 4532 1745 4593 exeuntes,
1775 4514 1868 4603 apice
1891 4537 1996 4580 cornu
2018 4513 2122 4579 sterili
2142 4538 2222 4580 rec-

775 4656 809 4703 to
825 4626 1070 4715 subgeniculato
1086 4626 1260 4693 terminati.
1306 4621 1464 4689 Pedicelli
1479 4620 1521 4687 ad
1535 4620 1634 4685 latera
1648 4614 1830 4708 pedunculi
1848 4618 1920 4699 siti,
1944 4619 2139 4698 brevissimi,
2163 4618 2222 4684 bi-

773 4739 827 4816 ni,
852 4736 1017 4827 oppositi,
1041 4732 1133 4821 apice
1146 4728 1355 4798 vesiculiferi.
1404 4724 1560 4797 Vesiculae
1583 4721 1737 4808 globosa.
1785 4719 1888 4790 Color
1914 4741 1947 4790 et
1972 4722 2159 4791 Substantia
2181 4738 2223 4788 ut

776 4840 1006 4935 precedentis.
1288 4856 1292 4861 ·

691 4960 786 5031 otta.
828 4956 1014 5027 Vesioulam
1028 4956 1063 5021 in
1078 4951 1267 5047 pedunculo
1281 4953 1377 5022 brevi
1389 4948 1580 5030 sotitariam,
1602 4964 1635 5014 et
1647 4948 1684 5014 in
1699 4950 1793 5044 apice
1808 4945 1857 5016 fili
1871 4922 2001 5016 rinnau
2014 4938 2222 5013 terminalem

776 5086 1033 5156 uoununqvam,
1058 5077 1091 5127 st
1109 5083 1207 5138 raro,
1232 5057 1310 5126 vidi.
