4772 6106
508 497 702 572 ,SEGI'IO
726 495 964 570 SECUNDA.
1021 496 1389 572 oscumomn·
1640 520 1691 603 9!

206 702 303 773 OBS.
352 698 506 795 Spurium
520 704 597 771 huic
612 706 733 797 speciei
750 703 821 771 Cel.
841 706 1053 795 Dillwynins
1066 708 1215 772 attribuit
1228 706 1518 785 ramificationcm,
1543 731 1615 798 qve
1631 711 1675 775 ita
1688 712 1744 779 in·

298 807 472 891 telligenda
488 824 552 874 csta
575 809 669 876 Rami
686 810 822 900 qvidem
837 812 898 878 sub
912 810 1001 878 lente
1014 814 1085 880 veri
1100 828 1133 877 ct
1147 812 1266 877 alterni
1281 811 1457 891 videntur,
1482 809 1744 896 seddiligentius
1869 814 1873 819 ⁴

295 914 452 1003 inspecti,
477 929 544 979 tam
556 911 673 980 leviter
687 915 751 980 sibi
766 917 909 983 invicem
925 915 1109 996 cohaerent,
1132 935 1169 982 ut
1187 915 1299 1006 potius
1315 940 1379 1008 pro
1396 914 1460 982 filis
1476 915 1634 997 diversis,
1659 916 1744 983 levi-

293 1035 343 1082 ter
359 1016 582 1100 agglutinatis,
604 1042 704 1109 qvam
719 1043 783 1111 pro
803 1022 888 1086 veris
902 1022 1001 1086 ramis
1016 1021 1132 1087 baberi
1146 1021 1298 1088 debeant.
1345 1018 1435 1087 lllud
1449 1037 1558 1087 eutem
1570 1023 1606 1088 in
1622 1023 1743 1088 nostris

289 1122 525 1214 speciminibus
543 1122 695 1191 nondum
708 1124 887 1193 observare
900 1126 1048 1209 contigit.

425 1319 460 1355 **
501 1340 597 1406 aqam
618 1319 732 1384 snlsoe.

144 1570 150 1579 ⁵
234 1484 291 1554 10.
349 1474 392 1542 0·
414 1471 632 1569 majuscula
636 1497 652 1562 ,·
677 1474 745 1545 lilis
764 1472 1010 1566 simplicibus,
1034 1471 1314 1564 lutescentr'bus,
1342 1476 1382 1543 in
1410 1476 1597 1566 caespitem
1622 1474 1744 1567 cylin-

161 1604 512 1701 draceooblongum
526 1609 669 1682 fuscum
683 1610 923 1681 fluctuantem
937 1610 1152 1679 densissime
1170 1610 1357 1679 intricatis.

294 1769 442 1842 conferva
461 1775 623 1844 majuscula
640 1772 734 1829 Dillw.
756 1770 861 1828 lutrod.
881 1793 910 1847 p.
930 1781 974 1839 4ο.
994 1787 1022 1826 st
1038 1769 1135 1845 Suppl.
1154 1771 1226 1828 Tab.
1245 1774 1282 1826 A.
1303 1799 1338 1816 -
1352 1769 1393 1827 1²1.
1414 1770 1441 1826 d.
1461 1772 1534 1827 Τὼ.
1556 1780 1629 1844 1549,
1652 1772 1695 1845 fig.
1719 1792 1746 1825 ss

284 1875 480 1927 ,Osctllatarta
501 1876 663 1946 majuscula
680 1876 754 1946 ltirg.
774 1876 832 1948 Alg.
852 1877 923 1932 Dec.
941 1884 969 1945 4.
988 1895 1016 1930 n.
1033 1894 1061 1947 7.
1559 1888 1562 1895 '

362 2003 396 2018 -
450 1980 457 1993 ¹
498 1986 667 2051 aeruginosa
685 1980 711 2041 β.
730 1983 869 2036 violacsa
887 1983 935 2055 Ag.
957 1980 1021 2051 Syn.
1040 1998 1068 2053 p.
1092 1997 1150 2050 ¹09·

125 2097 312 2192 x'Habitat
325 2121 365 2191 in
379 2121 461 2193 sinu
473 2119 694 2211 Othiniensi,
716 2123 878 2193 Zosteroe
893 2122 1045 2192 marinae
1063 2117 1328 2188 adhaerescens.

204 2284 330 2352 DESC.
377 2284 506 2374 Caespes
523 2283 704 2367 fluctuans,
727 2283 954 2352 subnotandus
971 2282 1024 2349 vel
1041 2279 1216 2365 oblongus,
1237 2274 1383 2370 palmam
1397 2279 1439 2346 ad
1455 2283 1650 2373 spithsmam
1666 2283 1744 2350 lan-

290 2412 369 2473 gas,
393 2386 476 2457 duos
493 2387 536 2454 ad
551 2406 617 2456 tres
632 2389 772 2481 pollices
795 2389 899 2471 latus,
925 2385 1173 2478 cylindraceus,
1204 2384 1353 2475 apicibus
1381 2386 1524 2470 obtusis,
1558 2389 1666 2455 fuscus
1689 2385 1742 2454 vel

290 2496 497 2578 nigrescens,
518 2493 619 2559 deuse
636 2494 840 2582 implicatus,
863 2492 1093 2571 sublubricus,
1115 2488 1209 2555 nullo
1222 2489 1389 2556 substrato
1405 2491 1599 2575 instructus,
1622 2491 1680 2559 sed
1696 2490 1741 2558 li-

292 2599 372 2667 bere
394 2598 559 2665 fluctuans
580 2597 633 2666 vel
657 2596 813 2667 Zosterm
836 2599 984 2662 marinae
1010 2594 1246 2661 adhaeressens.
1301 2592 1373 2660 Fila
1394 2595 1573 2687 simplicia,
1602 2599 1742 2664 maxime

288 2705 460 2784 intricata,
482 2704 750 2781 cicatricentur,
773 2699 900 2792 aliquot
912 2697 1051 2792 pollices
1066 2697 1183 2783 longa,
1217 2698 1374 2791 capillum
1396 2702 1577 2769 humanum
1596 2703 1742 2769 crassitie

293 2809 533 2901 subaeqvantia,
557 2805 709 2897 oeqvalia,
732 2807 825 2897 apice
843 2807 976 2885 obtusa,
1004 2805 1065 2870 sub
1081 2803 1169 2869 lente
1184 2803 1386 2872 latescentia.
1429 2806 1524 2891 Striae
1540 2827 1742 2885 transversa-

294 2911 341 2982 les
356 2898 569 2982 densissimae.⁸
615 2908 719 2977 Color
732 2912 874 3002 caespitis
889 2910 1010 2991 fuscus,
1033 2912 1211 2991 exsiccata,
1228 2911 1415 3004 chartaque
1432 2914 1605 3007 impositas,
1624 2915 1741 2994 nitens,
1844 2956 1848 2964 .

290 3020 590 3106 atro-glaucescens
606 3012 660 3088 vel
674 3013 873 3105 chalybaeus.
920 3014 1108 3083 Substantia
1122 3032 1244 3098 muers,
1261 3014 1399 3084 lubrica.
1441 3021 1584 3088 Aestate.
1633 3019 1742 3085 Char-

292 3143 331 3193 tae
345 3144 433 3192 arcte
456 3124 611 3191 adhaeret.

206 3242 296 3310 OBS.
345 3242 418 3310 Fila
430 3242 542 3333 spuria
561 3263 708 3320 ramosa,
731 3260 875 3329 qvorum
890 3239 1094 3305 mentionem
1109 3237 1187 3306 lecit
1208 3237 1279 3306 Cel.
1298 3239 1510 3330 Dillwynius
1535 3266 1605 3309 non
1624 3240 1743 3308 obser·
1855 3228 1859 3237 ¹

289 3349 381 3429 vavi,
405 3349 650 3430 ceterumjuata
667 3341 869 3436 exemplaria
891 3366 931 3409 ex
954 3341 1076 3428 Anglia
1101 3346 1200 3414 missa
1224 3364 1339 3414 nostra
1359 3344 1474 3440 planta
1500 3347 1536 3413 in
1559 3343 1744 3432 Anglorum

292 3453 417 3543 optime
437 3449 585 3541 quadrat.

245 3655 302 3721 11.
356 3647 398 3711 Ο.
414 3644 602 3729 aestuarii,
627 3642 695 3713 filis
712 3644 949 3737 simplicibus,
978 3646 1166 3736 intricatis,
1190 3643 1511 3729 fusco-uiridibus,
1534 3649 1574 3716 in
1587 3654 1742 3717 stratum
1770 3657 1861 3728 Tab.
1878 3662 1937 3739 2ss

164 3784 392 3868 compactum
406 3774 568 3867 fuscum,
591 3775 665 3848 late
679 3789 826 3871 patens,
850 3783 1061 3854 densissime
1081 3781 1295 3853 intertextis.

298 3937 449 4012 conserva
468 3952 596 3998 aestuarii
617 3945 693 4016 Jtrg.
711 3943 770 4017 Alg.
788 3945 857 4001 Dec.
878 3965 903 4004 π.
925 3967 954 4006 n.
973 3960 998 4014 8.

210 4078 255 4175 β)
281 4079 508 4174 loetevirem,
539 4085 606 4156 filis
625 4086 871 4182 simplicibus,
895 4091 1039 4185 rigidis,
1064 4089 1148 4164 laete
1167 4092 1360 4183 uiridibus,
1393 4090 1610 4164 instratum
1632 4098 1742 4197 tenue

260 4219 506 4310 aeruginosum
524 4221 632 4291 dense
654 4227 860 4317 compactis.

290 4380 481 4435 ontltatorta
500 4384 667 4440 tatuvinus
690 4386 831 4441 Holmsnn
854 4390 934 4462 Βοῦς
952 4389 987 4444 ds
1006 4408 1058 4446 usu
1077 4388 1160 4447 Cani.
1177 4409 1205 4463 p.
1225 4400 1269 4456 25.
1323 4398 1328 4407 ‘

353 4507 390 4577 ᾗ
509 4497 672 4560 eruginata
691 4491 739 4563 Ag.
762 4490 827 4561 Syn.
851 4512 879 4563 p.
901 4510 959 4564 ¹⁰9·

297 4583 446 4656 conserva
463 4601 582 4659 stuposa
599 4593 685 4647 Roth.
707 4593 769 4649 Cat.
788 4591 847 4644 bot.
870 4606 899 4660 3.
917 4614 947 4666 p.
967 4596 1040 4652 acci

143 4722 314 4797 Habitat
328 4728 367 4797 in
379 4732 557 4801 aestuariis
569 4742 611 4802 et
623 4735 725 4807 vadis
740 4735 848 4803 sinus
863 4731 1101 4829 Othiniensis,
1116 4741 1205 4810 item
1222 4740 1261 4810 in
1278 4737 1383 4810 fossis
1391 4736 1620 4828 submarinis,
1641 4757 1741 4831 aqvas

149 4858 262 4935 salsae
277 4865 463 4956 contiguis.
489 4902 540 4918 -
566 4862 606 4953 β.
632 4890 744 4958 supra
758 4865 956 4940 Confervas
972 4896 1073 4965 aqvas
1087 4873 1206 4965 salsae,
1233 4899 1319 4969 qvas
1334 4873 1510 4947 velamine
1526 4896 1592 4944 suo
1606 4873 1741 4961 aerugi-

150 5020 247 5074 noso
270 4997 436 5089 obducit,
468 5024 584 5093 prope
607 5000 899 5096 Hofmansgsve‚
923 5007 1050 5077 rarius.
1116 5006 1176 5080 Ad
1190 5031 1289 5079 mare
1304 5008 1511 5080 Balthicmn
1527 5010 1622 5079 circa
1638 5004 1743 5073 Fim-

136 5133 275 5217 -bn'am
288 5131 466 5225 insudam,
493 5132 605 5206 Rota
642 5202 646 5213 ,

1442 5254 1545 5345 (12⁸)
