4772 6106
678 417 726 502 96
793 407 965 480 saeuo
990 400 1227 476 seminar:
1285 396 1646 473 sacramenta
1671 396 1710 474 s<
1731 400 2046 475 sermnem:

672 612 797 680 DESC.
845 612 974 702 Caespes
991 611 1219 686 densissimus,
1240 632 1381 699 parvus,
1404 605 1633 688 mollissimus,
1658 608 1773 673 viridis
1799 607 1851 675 vel
1868 609 2086 693 glaucescens.
2133 609 2215 676 Fila

702 765 704 769 ,
759 718 900 781 maxime
917 717 1078 791 intricata,
1103 712 1184 777 adeo
1201 729 1237 777 ut
1252 735 1367 777 eorum
1381 710 1552 796 longitudo
1570 711 1784 779 determinari
1798 732 1949 804 nequeat,
1975 713 2038 779 filis
2055 712 2206 779 Oscilln-

652 811 655 819 ’
761 824 859 888 toriae
874 820 1019 885 muralis
1040 816 1119 908 3plo
1136 817 1306 895 tenuiora,
1331 814 1510 906 simplicia,
1537 817 1658 907 ubique
1678 816 1832 908 aequalia,
1860 842 1929 883 non
1952 817 2134 884 oscillantia
2155 816 2207 882 vel

758 926 930 992 radiantia.
974 924 1069 989 Striae
1084 920 1317 987 transversales
1337 921 1542 999 tenuissimae,
1559 922 1614 986 vix
1632 924 1830 1012 conspicuae.
1873 925 2051 989 interstitia
2067 921 2210 1014 pelluci-

761 1031 820 1103 da.
846 1029 1042 1094 diametrum
1054 1024 1105 1092 fili
1119 1024 1326 1111 longitndine
1341 1048 1427 1115 saepe
1442 1026 1612 1114 aeqvantia.
1657 1027 1798 1092 Aestate.
1847 1025 1977 1092 Chartae
1993 1027 2148 1093 adhaeret.

674 1182 767 1248 OBS.
814 1183 853 1245 ln
866 1180 928 1244 hac
942 1181 1051 1270 specie
1068 1175 1137 1244 Cel.
1151 1176 1363 1264 Dillupnins
1376 1171 1525 1264 capsulas
1541 1172 1680 1256 detexit,
1706 1174 1790 1243 susci
1805 1174 1945 1251 coloris,
1966 1175 2106 1254 sessilcs,
2130 1176 2209 1240 lim-

759 1286 805 1349 bo
820 1282 987 1374 pellucido
1003 1285 1136 1363 cinctas,
1158 1306 1222 1372 pro
1238 1281 1409 1344 teneritate
1425 1276 1773 1378 fil01·umsatmagnes,
1801 1306 1879 1371 qvas
1895 1284 1930 1345 in
1946 1283 2051 1372 Supp.
2069 1280 2153 1345 Tab.
2162 1280 2209 1347 A.

762 1387 972 1453 delineandas
987 1389 1123 1454 curavit.
1172 1382 1370 1470 Hujnsmodi
1386 1383 1485 1465 igitur
1498 1382 1752 1475 appendiculas,
1773 1387 1809 1448 in
1827 1385 1978 1475 pluribus
1994 1387 2091 1470 hujus
2108 1406 2210 1466 gene-

761 1493 807 1557 ris
824 1493 994 1581 speciebus
1010 1495 1177 1571 inventas,
1201 1514 1266 1581 pro
1284 1484 1427 1579 capsulis
1444 1485 1634 1567 venditare,
1657 1509 1727 1554 non
1741 1484 1839 1575 plane
1856 1491 2062 1555 temerarium
2080 1504 2136 1552 aut
2148 1487 2210 1551 ab·

752 1618 883 1663 sonum
895 1594 1034 1663 videtur.

1241 1784 1592 1820 *4*—

994 2028 1163 2114 xxva.
1244 2021 1776 2112 serronem.
1809 2025 1848 2133 *)

702 2205 761 2260 Pila
781 2203 929 2266 continua,
961 2205 1099 2268 cariacae,
1126 2205 1207 2257 intus
1226 2202 1298 2258 striis
1315 2202 1541 2259 transversalibus
1564 2204 1699 2259 annulatis
1721 2202 1764 2258 rel
1785 2198 2020 2257 monililormibus
2037 2212 2142 2254 notata.

434 2404 527 2478 Τὼ,
546 2412 606 2489 27,
711 2403 743 2472 1.
799 2391 859 2461 Sc.
872 2390 1119 2485 myocltrous3
1142 2389 1210 2459 ntis
1228 2391 1267 2459 in
1293 2390 1476 2482 caespitem
1498 2387 1770 2483 nigro-fuscum
1793 2372 2006 2456 densissime
2027 2382 2222 2470 intricatis,

632 2527 731 2596 intus
749 2527 1036 2600 transversaliter
1049 2525 1246 2619 annulatis,
1268 2524 1417 2597 ramulis
1439 2529 1609 2618 geminis,
1630 2519 1871 2616 simplicibus,
1894 2519 2074 2590 secundis.

683 2688 687 2693 “
764 2688 942 2758 Saytonema
960 2691 1133 2762 myochrous
1150 2692 1196 2762 Ag.
1217 2689 1297 2761 Disp.
1317 2709 1345 2761 p.
1365 2701 1410 2754 38.
1431 2705 1458 2743 et
1476 2690 1540 2760 Syn.
1559 2709 1588 2762 p.
1611 2701 1669 2754 1ιὸ.
1687 2721 1717 2736 -
1733 2686 1771 2741 1²1.
1794 2685 1858 2739 dan.
1882 2684 1954 2739 Τὼ.
1975 2684 2050 2742 1602,
2075 2680 2119 2751 lig.
2140 2697 2169 2734 2·

772 2788 923 2859 Conferva
944 2792 1117 2862 myoelrrous
1135 2793 1227 2847 Dillw.
1246 2789 1319 2845 Tab.
1339 2809 1380 2861 19,
1401 2804 1430 2844 et
1447 2790 1552 2845 lutrod.
1572 2810 1600 2863 p.
1622 2803 1665 2861 37.
1683 2823 1712 2838 -
1731 2788 1814 2844 Web.
1836 2803 1863 2843 et
1880 2787 1966 2843 Mohr
1985 2785 2004 2841 l.
2024 2804 2047 2840 c.
2066 2782 2140 2837 Tib.
2164 2802 2207 2855 ¹9·

688 2936 732 3038 β)
760 2941 1004 3030 inundatum,
1028 2950 1097 3018 filis
1113 2946 1357 3036 tenuioribus,
1377 2947 1417 3014 in
1445 2950 1629 3038 caespitem
1654 2942 2006 3036 purpureo-fuscum
2024 2940 2228 3032 tunicatis,

736 3079 878 3151 annulis
894 3084 1046 3153 internis
1073 3080 1327 3170 subrutundis3
1353 3079 1500 3149 ramulis
1522 3082 1692 3173 geminis,
1717 3077 1894 3144 secundis.

773 3246 944 3318 Scyeonema
963 3247 1134 3322 myoclirous
1153 3263 1181 3309 γ.
1204 3243 1380 3298 inundatum
1396 3247 1444 3315 Ag.
1464 3243 1528 3314 Syn.
1549 3262 1579 3315 p.
1600 3253 1656 3312 ¹¹4·

771 3349 924 3421 conserva
939 3340 1053 3403 seriata
1071 3348 1166 3405 wahl.
1190 3347 1218 3401 ll.
1236 3347 1310 3419 lapp.
1330 3369 1359 3402 n.
1373 3356 1438 3419 984.
1457 3346 1527 3402 Tab.
1549 3358 1593 3411 30.
1609 3346 1656 3418 fig.
1675 3365 1703 3400 a.

662 3576 667 3581 ,
687 3502 731 3595 y)
758 3502 937 3595 simplest,
967 3500 1035 3568 filis
1045 3497 1290 3589 simplicibus,
1310 3519 1430 3565 ramos
1448 3503 1610 3587 geminos
1630 3504 1811 3568 rarissime
1835 3495 2095 3567 emittentibus·

776 3665 947 3737 Scyronema
967 3663 1138 3737 myoclrrous
1157 3662 1179 3714 δ.
1196 3661 1320 3727 simplex
1338 3659 1386 3731 Ag.
1406 3659 1486 3733 Disp.
1507 3679 1533 3732 p.
1556 3672 1599 3730 39.
1620 3674 1647 3713 et
1668 3660 1730 3730 Syn.
1752 3677 1779 3730 p.
1801 3666 1857 3726 114.

633 3806 798 3880 ,Habitat
813 3831 849 3876 a.
862 3808 904 3874 in
919 3804 1068 3874 latriosis
1093 3813 1132 3869 et
1153 3801 1276 3874 rivulis
1299 3803 1346 3870 utl
1367 3800 1548 3869 officinam
1571 3798 1762 3870 ferrarium
1786 3800 1869 3869 Nees
1893 3798 2106 3890 Norvegise,
2132 3806 2237 3874 saxis

642 3941 819 4033 lignisqve
832 3936 1015 4004 inundatis
1035 3935 1231 4002 aduescens
1238 3958 1249 4024 3
1271 3935 1311 4001 in
1323 3931 1578 4019 Groenlandia,
1598 3933 1659 4000 W
1652 3931 1857 3999 ormskiolcl
1861 3954 1876 4019 ,·
1902 3935 1940 4002 in
1958 3932 2083 4002 insulis
2095 3933 2129 3998 F
2129 3956 2237 4021 sero-¹

641 4072 792 4140 ensibus
806 4079 863 4136 sat
876 4065 1044 4159 vulgaris.
1069 4101 1120 4120 -
1141 4061 1184 4155 β.
1203 4076 1240 4135 et
1250 4093 1288 4161 y.
1313 4068 1352 4136 in
1365 4063 1454 4134 locis
1471 4066 1657 4138 inundatis
1676 4065 1875 4159 subalpinis
1887 4067 2035 4137 Faeroae.

691 4231 816 4298 DESC.
835 4280 840 4292 .
863 4234 993 4322 Caespes
1010 4231 1230 4311 densissimus,
1251 4231 1432 4309 intricatus,
1457 4228 1560 4294 unum
1573 4229 1616 4295 ad
1630 4247 1695 4297 tres
1709 4229 1845 4321 pollices
1862 4231 1897 4290 in
1911 4225 2071 4289 diametra
2085 4224 2238 4315 habens,

780 4337 966 4427 lineamque
981 4359 1126 4415 crassus,
1149 4334 1394 4419 nigro-luscus,
1418 4332 1546 4415 mollis,
1567 4334 1729 4426 pelliculae
1743 4334 1888 4397 inurinoe
1910 4326 2022 4394 colore
2045 4328 2141 4396 haud
2158 4334 2240 4403 dis.

678 4518 683 4529 Ι
779 4439 913 4517 similis,
938 4439 1026 4504 unde
1041 4464 1173 4506 nomen.
1219 4437 1291 4531 Fila
1306 4436 1500 4504 densissime*
1511 4442 1678 4519 intricata,
1703 4454 1853 4515 curvata,
1876 4432 2038 4513 flexuosa,
2064 4438 2240 4527 capillum

778 4544 960 4609 humanum
974 4546 1118 4610 crassitie
1131 4544 1308 4634 aequantia,
1330 4567 1475 4625 ramosa3
1500 4546 1583 4608 rami
1596 4543 1730 4619 alterni,
1755 4540 1846 4623 vagi,
1869 4537 1988 4603 ramuli
2004 4542 2150 4625 gemini,
2177 4574 2241 4615 se-
2281 4573 2283 4577 ¹

783 4649 901 4728 cundi,
926 4648 1107 4739 simplices,
1132 4650 1271 4715 incurvi.
1318 4646 1444 4714 Annali
1462 4642 1689 4713 transversales
1704 4641 1866 4733 paralleli,
1889 4642 2092 4726 densissimi,
2123 4649 2243 4721 oliva.

781 4751 952 4817 ceo-lutei.
999 4753 1175 4839 Interstitiu
1186 4753 1389 4835 brevissima,
1402 4751 1579 4846 pellucida,
1592 4749 1794 4819 lutescentia.
1835 4748 1938 4822 Color
1951 4752 2091 4843 cespitis
2108 4757 2240 4841 nigro-

741 5035 772 5119 ἒ)
818 5036 1001 5115 Excedam
1026 5041 1169 5114 eorlttm,
1193 5051 1225 5102 et
1240 5047 1336 5124 νῆμα,
1360 5037 1457 5101 filum.
