4728 6088
479 512 578 565 xxrr
1180 483 1460 559 PRAEFAm

427 714 526 799 stro
548 708 708 783 tamen
727 722 827 785 aevo
844 694 924 784 vix
944 711 1075 784 certo
1096 685 1283 778 deliniri
1304 710 1500 813 queunt,
1535 680 1780 780 efficacem
1797 692 1849 778 in
1865 695 2011 784 variis
2036 693 2214 786 morbis

430 836 748 928 attribuerunt
769 836 1019 931 medelam.
1085 837 1257 926 Mucus
1284 831 1384 948 ille,
1431 837 1510 960 qvi
1534 838 1587 924 in
1611 833 1929 960 receptaculis
1954 841 2073 928 Fuci
2091 852 2217 931 oesi-

430 985 586 1075 culosi
610 985 762 1097 adest,
792 988 843 1074 in
864 981 1118 1114 glandibus
1136 978 1467 1107 scrophulosis
1486 983 1704 1106 corporis
1724 984 1925 1073 humani
1942 986 2218 1114 dispergen-

431 1127 505 1219 dis
523 1128 781 1221 salutarem
804 1130 1042 1256 qvondam
1061 1131 1159 1221 vim
1174 1126 1355 1218 habere
1379 1124 1616 1244 dicitur*).
1683 1130 1851 1254 Neque
1870 1132 1922 1218 in
1941 1130 2219 1223 Technolo·

430 1278 511 1402 gia
525 1308 638 1366 usus
661 1280 718 1368 iis
736 1277 913 1401 plantis
930 1274 1209 1403 derogatum
1241 1270 1507 1365 Chinenses
1526 1295 1574 1365 et
1589 1274 1615 1365 J
1619 1304 1898 1398 epanenses,
1930 1299 1985 1367 ut
2004 1308 2062 1368 ex
2075 1281 2217 1368 itine-

429 1424 567 1512 rariis
585 1425 943 1516 Ibusenstemii
962 1446 1008 1516 et
1031 1419 1344 1546 Langsdorfii
1362 1414 1579 1532 discitur,
1621 1450 1680 1510 ex
1700 1425 1829 1514 Fuco
1848 1423 2078 1547 (pedam,
2119 1420 2218 1515 for-

432 1598 520 1658 san
540 1588 730 1663 tenoce,
745 1573 988 1662 vernicem
1005 1601 1144 1680 suum
1162 1562 1605 1690 splendidissimum
1623 1597 1796 1687 parare
1814 1571 1985 1681 sciunt,
2011 1591 2057 1660 et
2076 1566 2220 1658 aliam

434 1694 648 1832 ejusdem
668 1715 821 1807 tribus
844 1717 1057 1840 speciem
1079 1709 1275 1836 glutinis
1292 1707 1405 1801 loco
1435 1706 1689 1822 adhibent3
1725 1711 2128 1834 quemadmodum
2145 1717 2219 1799 in-

433 1879 506 1948 ter
522 1883 707 1951 nostras
719 1858 1027 1952 Gastridium
1036 1858 1280 1984 filr'forme
1297 1853 1468 1947 eadem
1487 1886 1635 1948 causa
1652 1860 1894 1948 nominari
1911 1864 2139 1970 meretum
2170 1861 2222 1945 in

436 2026 535 2095 arte
556 2001 760 2131 denique
777 2009 1003 2098 tinctoria
1018 1996 1261 2094 nonnullae
1277 1998 1506 2128 Algarum
1522 2001 1655 2093 baud
1671 2025 1781 2096 sunt
1802 2007 1904 2096 sine
1925 2007 2107 2129 preti0,
2138 2034 2222 2094 eo·

435 2180 525 2269 qve
556 2155 754 2245 nomine
785 2149 998 2276 qvondam
1031 2180 1197 2241 earum
1219 2152 1406 2272 species
1434 2148 1531 2268 jam
1565 2180 1594 2237 a
1624 2144 1955 2272 Theophrasto
1975 2147 2221 2256 laudatur3

436 2292 556 2387 dicit
576 2303 723 2388 enim:
759 2302 979 2424 Quercus
999 2304 1197 2385 marina
1217 2290 1279 2382 ad
1301 2289 1437 2384 lanas
1457 2292 1742 2386 inficiendas
1764 2294 1893 2387 utilis
1920 2317 1990 2387 est
2011 2292 2223 2386 mulieri-

433 2440 616 2560 bus**);
670 2466 716 2535 et
745 2469 913 2537 nostro
942 2440 1104 2534 adhuc
1152 2464 1370 2565 tempore
1408 2443 1678 2534 Faeroenses
1712 2440 1957 2566 Halidryn
1981 2439 2223 2530 nodosam
2300 2525 2303 2531 .

432 2618 643 2679 unacum
665 2588 773 2681 aliis
789 2590 952 2683 herbis
972 2594 1023 2679 in
1039 2591 1213 2713 pannis
1232 2584 1397 2680 colore
1414 2583 1559 2677 viridi
1576 2585 1846 2680 inficiendis
1865 2619 1891 2680 e
1911 2616 1964 2679 re
1980 2616 2068 2678 sua
2085 2614 2223 2675 usur-

433 2737 670 2856 pantffi);
702 2755 844 2856 atqve
858 2731 957 2823 hoc
973 2731 1087 2823 loco
1105 2763 1213 2822 non·
1232 2735 1435 2824 omnino
1469 2730 1857 2857 praetereundum
1885 2756 1977 2846 est,
2009 2727 2227 2857 qvaedam

436 2874 845 3002 Thalassiophyta
862 2877 927 2968 ad
947 2874 1163 2968 colorem
1184 2873 1329 2968 faciei
1352 2880 1685 2968 mentiendum
1711 2909 1740 2970 a
1767 2876 2046 2969 mulieribus
2069 2877 2154 2967 hic
2179 2894 2227 2965 et

435 3019 535 3115 illic
558 3021 799 3137 adhiberi3
834 3054 979 3150 qvare
1004 3027 1148 3115 etiam
1166 3026 1334 3127 Fusus,
1366 3026 1501 3146 cujus
1518 3022 1620 3115 haec
1640 3027 1711 3114 vis
1738 3056 1766 3114 a
1788 3026 1959 3149 priscis
1976 3018 2088 3114 inde
2107 3043 2229 3113 tem-

435 3171 638 3297 poribus
659 3195 777 3264 nota
803 3171 917 3287 fuit,
953 3195 1000 3264 et
1026 3169 1242 3298 plantam
1270 3174 1508 3262 marinam
1534 3193 1581 3262 et
1603 3148 1921 3299 pigmentum,
1955 3199 2048 3290 qvo
2073 3201 2126 3260 se
2152 3166 2229 3258 fu-

439 3338 550 3407 cant
572 3316 814 3432 mulieres,
852 3315 1070 3431 denotat,
1107 3349 1138 3407 a
1162 3324 1289 3433 φύκος,
1319 3318 1482 3444 Aiga,
1512 3314 1937 3430 nomentrahens3
1971 3316 2227 3405 Gmelinus
2347 3394 2348 3447 ;

315 3524 319 3539 .
435 3462 579 3553 nobis
600 3486 880 3578 auctorest,
910 3461 1097 3590 puellas
1118 3463 1533 3558 Kamtschatkicas
1551 3463 1625 3554 his
1648 3462 1824 3589 plantis
1842 3458 2017 3553 faciem
2036 3456 2223 3568 fricare,
2347 3514 2348 3517 κ

438 3634 538 3727 qvae
558 3606 672 3701 inde
693 3611 958 3701 ruberrima
975 3607 1051 3724 fit,
1083 3612 1290 3737 itemqve
1304 3609 1543 3707 foeminas
1571 3609 1633 3702 ad
1652 3614 1795 3702 maris
1820 3610 2042 3732 Europaei
2063 3602 2231 3693 littora
2347 3586 2348 3597 Ν

436 3748 733 3868 habitantes,
761 3753 1229 3879 pulchritudinisque
1246 3789 1349 3849 non
1365 3761 1524 3849 minus
1547 3756 1803 3870 studiosas,
1838 3751 2081 3879 levidense
2099 3745 2233 3834 idem

439 3897 694 3991 artificium
717 3929 819 3986 non
845 3900 1080 4021 ignorare.
1091 3905 1199 4007 Μ)
1263 3903 1539 4003 Postremo,
1569 3919 1623 3981 ut
1641 3897 1820 3981 formas
1842 3891 2013 3977 harum
2040 3886 2234 4011 planta-

437 4048 545 4133 'rum
567 4038 916 4164 pulcherrimas
948 4032 1229 4160 coloresque
1264 4033 1602 4148 nitidissimos,
1655 4030 1825 4158 qvibus
1857 4037 2130 4158 conspectis
2166 4035 2232 4124 ad

440 4262 710 4301 μ...-

571 4387 719 4475 ejusdem
735 4413 824 4455 usus.
870 4384 1038 4454 Nicander·
1053 4404 1136 4453 eset
1151 4385 1489 4479 adversus'serpentes
1504 4387 1541 4452 in
1557 4386 1636 4454 vino
1651 4383 1753 4451 dedit.
1798 4381 1894 4451 Ptin.
1911 4382 1996 4447 Hist.
2012 4398 2079 4446 nat.
2091 4379 2167 4446 Lib.
2175 4388 2229 4455 26.

578 4518 615 4560 ca
644 4506 704 4565 .8.

444 4580 450 4590 ·
490 4622 525 4703 *)
543 4708 547 4713 .
571 4519 751 4686 Rriiselius
767 4620 986 4686 Dissertation
1002 4620 1205 4704 concerning
1222 4618 1277 4686 the
1295 4644 1353 4687 use
1370 4618 1410 4686 of
1423 4618 1585 4687 Seawatcr
1605 4641 1641 4708 p·
1658 4622 1732 4689 216·
1758 4631 1791 4680 et
1805 4612 1945 4680 Bastsri
1958 4612 2084 4704 Opusc.
2097 4610 2231 4711 subm.

449 4800 453 4807 ,
577 4727 876 4816 Tom.11.p.121.

477 4854 525 4934 *ἢ
570 4861 718 4950 Χρήσιμος
731 4857 761 4921 bi
776 4857 794 4930 si
808 4856 873 4946 δρὺς
890 4854 930 4927 εἷς
945 4853 1052 4935 βαφὴν
1067 4854 1226 4946 {pistris
1242 4855 1384 4937 γυναιξίν.
1421 4848 1591 4938 ΤῙιοορΙιν.
1608 4848 1694 4915 Hist.
1710 4843 1815 4939 plant.
1836 4844 1911 4911 Lib.
1928 4826 2049 4938 desp.
2063 4853 2096 4917 7.
2137 4866 2143 4881 ‘

463 4980 529 5065 ***)
576 4979 692 5045 Lanu
707 4976 853 5043 Besltriv.
876 4998 956 5043 over
974 4975 1058 5042 Faer.
1081 5001 1116 5068 p·
1130 4987 1203 5053 227.

446 5108 528 5190 m)
578 5105 689 5173 Gmel.
706 5104 789 5171 ttist
808 5103 888 5172 Fuc.
908 5128 943 5197 p·
957 5110 988 5176 5.
