4728 6088
509 511 627 571 tvm
1214 484 1490 561 PRAEFATIQ

461 699 595 791 mina
621 687 932 803 demirentur,
976 711 1024 781 et
1047 682 1107 778 de
1136 717 1300 779 earum
1333 721 1424 779 usu
1451 685 1703 816 diligenter
1719 709 2090 812 percunctantes
2111 694 2245 815 'saepe

459 840 673 964 idtfvein
689 835 902 929 taedium:
935 837 1028 928 Cui
1044 836 1205 925 bono?
1239 858 1465 961 qvaerant3
1501 864 1646 958 qvare
1662 832 1916 928 utilitatem
1932 834 2073 956 hujus
2090 839 2248 927 scieu-

462 994 541 1081 tiae
563 1008 610 1079 ct
633 984 841 1108 pretium
868 980 962 1074 levi
984 985 1304 1109 perstringere
1334 978 1519 1073 calamo
1546 1012 1575 1070 a
1603 1013 1654 1072 re
1678 1013 1780 1072 non
1804 980 2013 1076 alienum
2042 979 2246 1075 videtur.

460 1131 543 1229 Nil
563 1151 723 1223 autem
747 1126 807 1220 de
824 1131 982 1255 pretio
1005 1130 1104 1250 ejus
1125 1126 1348 1220 absoluto
1365 1129 1543 1237 dicam;
1576 1158 1717 1218 suum
1735 1133 1866 1225 enim
1881 1162 2112 1254 qvamqve
2132 1128 2251 1219 doc·
2359 1160 2360 1185 ³

463 1282 641 1371 trinam
671 1278 724 1362 in
748 1306 800 1366 se
824 1274 1005 1369 hebere
1035 1278 1245 1401 pretium
1279 1271 1532 1400 (siquidem
1560 1275 1773 1397 cognitio
1801 1279 1854 1366 in
1875 1280 2153 1369 universum
2180 1295 2253 1365 est

464 1426 651 1518 bonurn
678 1422 817 1545 qvid,
852 1417 1143 1546 homineqve
1160 1424 1348 1514 ratione
1375 1414 1576 1546 praedito
1605 1415 1907 1547 dignissima,
1944 1428 2044 1547 qvae
2075 1451 2254 1545 qvaera-

466 1581 585 1688 tur),
614 1564 821 1693 ideoqve
840 1569 1073 1694 imprimis
1094 1564 1350 1661 colendam
1366 1585 1509 1684 esse,
1523 1599 1612 1694 per
1636 1600 1687 1659 se
1706 1590 1863 1690 patet3
1902 1565 1987 1660 sed
2011 1566 2072 1661 de
2091 1571 2250 1693 pretio

467 1719 569 1840 ejus
590 1711 817 1828 relativo,
847 1736 1080 1834 qvatenus
1096 1710 1169 1804 hae
1184 1712 1359 1840 plantae
1379 1737 1461 1805 aut
1484 1717 1535 1804 in
1554 1720 1845 1807 oeconomia
1869 1737 2050 1805 naturae
2076 1712 2254 1804 saluta·

467 1896 543 1958 res
561 1890 671 1954 suas
689 1865 913 1983 exserunt
926 1863 1073 1976 vires,
1101 1883 1184 1951 aut
1206 1865 1257 1950 in
1282 1894 1423 1954 usum
1446 1859 1713 1952 humanum
1735 1891 1845 1952 suas
1870 1858 2053 1953 habent
2074 1857 2254 1951 utilita-

469 2033 561 2124 tes,
612 2008 808 2100 brevem
841 2010 1139 2119 mentionem
1168 2008 1366 2128 injicere
1400 2031 1448 2102 et
1471 2011 1797 2100 necessarium
1836 2028 1883 2097 et
1904 2006 2021 2100 utile
2048 2006 2251 2101 videtur.
2360 2026 2361 2091 ;

473 2159 676 2251 Constat
692 2157 837 2282 igitur
858 2149 1074 2243 derebus
1100 2154 1362 2283 incognitis
1384 2186 1477 2246 nos
1500 2152 1683 2244 nullam
1707 2174 1886 2246 certam
1909 2155 2051 2245 nobis
2075 2152 2256 2279 lingere
2360 2236 2361 2239 a

423 2337 427 2345 ’
469 2334 616 2433 posse
635 2303 907 2410 notionem,
941 2326 1033 2387 nec
1052 2329 1111 2386 ex
1127 2301 1186 2389 iis
1204 2297 1350 2392 ullam
1375 2302 1518 2393 nobis
1545 2332 1720 2426 capere
1743 2332 1889 2426 posse
1910 2301 2187 2411 utilitatem3
2214 2301 2256 2388 si

471 2455 617 2582 igitur
631 2479 706 2540 res
733 2449 784 2536 in
806 2463 980 2534 natura
1004 2439 1173 2534 obvias
1197 2443 1465 2571 intelligere
1489 2448 1775 2569 easdemque
1796 2451 1848 2538 in
1872 2470 2091 2540 nostrum
2116 2477 2259 2536 usum

371 2662 377 2677 ,
474 2616 754 2692 convertere
789 2592 1029 2713 cupimus,
1077 2619 1277 2680 necesse
1303 2612 1393 2700 est,
1439 2614 1495 2679 ut
1521 2593 1583 2679 ad
1609 2626 1690 2683 eas
1719 2590 2084 2722 cognoscendas
2114 2614 2161 2682 et
2186 2589 2261 2678 di-

473 2734 762 2835 seernendas
790 2737 1004 2823 animum
1031 2727 1354 2843 advertamus3
1394 2737 1465 2825 sic
1498 2738 1643 2826 etiam
1676 2769 1735 2827 ex
1760 2743 2041 2865 cognitione
2067 2737 2260 2862 Hydro-

473 2883 734 3013 phytorum
749 2906 880 2968 mere
895 2875 1127 2968 butanica
1143 2875 1362 3003 pendent
1381 2912 1549 2970 eorum
1568 2879 1794 2973 utilitates
1817 2880 2161 3010 intelligendae3
2192 2903 2262 2973 at-

477 3062 566 3157 qve
593 3021 829 3118 industrii
849 3026 1193 3117 botanicorum
1227 3022 1524 3148 aliorumque
1559 3024 1924 3117 observatorum
1954 3026 2136 3119 factum
2174 3049 2260 3139 est,

476 3200 530 3271 ut
547 3170 976 3268 nonnullae'earum
1002 3166 1263 3262 utilitatum
1288 3169 1422 3261 haud
1447 3168 1650 3296 amplius
1675 3170 1875 3284 lateant;
1909 3169 2070 3296 plures
2095 3171 2265 3265 forsan

476 3343 673 3451 postera
698 3316 801 3409 dies
828 3314 1045 3428 docebit;
1093 3348 1293 3442 qvarum
1330 3350 1432 3441 qvae
1461 3321 1666 3446 cognitae
1699 3340 1832 3434 sunt,
1877 3316 2135 3412 nonnullas
2164 3322 2266 3442 jam

477 3470 647 3597 paucis
669 3461 889 3588 eloqvar:

610 3617 668 3702 In
707 3613 999 3701 oeconomia
1028 3625 1211 3695 naturae
1240 3603 1376 3693 baud
1399 3614 1538 3727 parri
1562 3631 1676 3698 sunt
1697 3613 1929 3731 momenti
1940 3645 1953 3721 ;
2000 3614 2265 3704 innumeris
2361 3640 2362 3657 ²

2360 3548 2362 3577 ⁴,

482 3764 609 3855 enim
622 3759 830 3882 piscium
853 3755 1265 3874 insectorumqve,
1302 3781 1450 3875 aqvas
1479 3748 1627 3844 salsas
1652 3759 1783 3877 neqve
1804 3787 1861 3846 ac
1887 3754 2050 3846 dulces
2073 3760 2268 3849 inhabi-
2361 3772 2362 3775 ‘

482 3907 709 4013 santium,
742 3895 1025 3989 cohortibus
1051 3893 1352 3984 domicilium
1377 3897 1594 4014 praebent
1622 3918 1669 3982 et
1691 3916 2037 4018 tegumentum,
2079 3900 2164 3991 ubi
2191 3938 2268 3999 se·
2361 3930 2362 3945 ¹

485 4078 650 4147 curam
661 4045 807 4132 vitam
823 4037 1000 4164 degant
1019 4058 1067 4128 et
1085 4033 1230 4129 ovula
1244 4065 1333 4124 sua
1348 4031 1648 4125 excludenda
1668 4031 1938 4161 deponant,
1972 4065 2111 4169 atqve
2138 4051 2268 4143 refu.

484 4199 616 4328 gium
640 4183 812 4280 iisdem
834 4205 1080 4310 praestant,
1125 4213 1218 4304 qvo
1242 4212 1294 4273 se
1318 4202 1488 4273 contra
1514 4182 1727 4273 hostium
1752 4183 1950 4279 insidias
1976 4220 2122 4316 ocyus
2149 4229 2268 4289 con.

483 4358 682 4438 vertant.
755 4335 831 4424 De
853 4334 980 4422 Fuco
1007 4349 1214 4419 natante
1244 4326 1528 4455 (Sargasso,
1561 4333 1690 4420 utin
1714 4335 1904 4456 mappis
1926 4343 2265 4466 geographicis

488 4480 858 4605 antiquioribus,
900 4458 1001 4601 qvae
1025 4478 1160 4565 Mare
1186 4471 1481 4566 Atlanticum
1504 4480 1699 4589 sistunt,
1741 4475 1931 4596 dicitur)
1969 4517 2061 4607 qvo
2097 4485 2296 4582 forsan

486 4630 620 4731 nulla
636 4625 804 4756 planta
821 4629 872 4715 in
885 4645 989 4716 toto
1008 4643 1240 4713 terrarum
1256 4621 1375 4713 orbe
1393 4624 1664 4746 copiosior,
1696 4623 1799 4715 baec
1812 4627 2078 4723 secundum
2091 4636 2265 4727 itinera

493 4776 717 4874 Osbeclii
732 4794 780 4865 et
790 4772 980 4863 Kalmii
996 4765 1132 4906 affert
1143 4772 1443 4886 Linnoeusz*)
1488 4766 1779 4861 ''Radicibus
1803 4804 1906 4865 non
1920 4773 2066 4871 haeret
2082 4776 2264 4873 defixus

488 4984 758 5011 μ

534 5108 564 5186 *)
606 5103 745 5171 Amoen.
760 5094 865 5166 Acnd.
880 5094 956 5168 Vol.
974 5103 1005 5169 5.
1021 5118 1056 5187 p.
1072 5103 1125 5168 70.
1171 5078 1235 5161 csrs
1257 5093 1355 5159 etiarn
1371 5091 1481 5160 Gmel.
1496 5091 1582 5158 Hist.
1601 5093 1681 5160 Fuc.
1695 5119 1730 5187 p.
1745 5101 1797 5175 94.
1912 5063 1916 5071 .
