4728 6088
485 516 601 569 xxrv
931 499 934 505 ’
1159 508 1162 515 ·
1188 491 1462 568 PRAEFATIO.

568 692 717 819 Qvod
735 689 797 785 ad
816 724 996 786 nornen
1011 691 1505 821 Hydrophytologioe,
1543 695 1673 823 qvod
1692 697 1807 793 huic
1828 699 2000 796 libello·
2020 708 2219 829 inscrip·
2333 714 2334 717 ‘

431 849 485 959 si,
524 846 711 954 attinet,
745 863 923 953 metu0,
954 873 1016 932 ne
1036 846 1088 932 in
1105 845 1259 936 varias
1277 842 1675 968 reprehensiones
1692 850 1918 943 incurrat
1987 850 2219 976 Suspicor

433 994 583 1102 enim,
625 988 744 1080 alios
775 986 827 1077 id
846 1019 947 1080 ease
974 988 1100 1109 justo
1131 986 1324 1117 longius
1340 1057 1353 1105 ‚
1390 1022 1453 1082 ne
1482 986 1640 1081 dicam
1669 991 2025 1120 sesqvipedale,
2068 999 2221 1086 dictu·

431 1168 526 1249 ros,
571 1133 706 1249 alios,
746 1132 919 1226 eodem
935 1131 1125 1260 plantas
1146 1139 1390 1258 aquaticas
1409 1133 1809 1265 phanerogamas,
1844 1144 2219 1243 utHottom'am,

431 1276 821 1404 Myriophyllnm
836 1287 919 1374 &n
947 1313 1049 1373 non
1067 1313 1169 1374 esse
1197 1280 1433 1393 exclusas3
1471 1281 1641 1405 qvibus
1664 1284 2000 1411 respondebo,
2040 1318 2222 1376 nomen

431 1426 738 1551 Algologiae‚
776 1430 953 1554 qvippe
973 1463 1032 1522 ex
1048 1425 1290 1521 vocabulo
1305 1426 1458 1519 latino
1488 1450 1536 1521 et
1563 1460 1718 1556 graeco
1749 1435 2095 1556 compositum,
2136 1462 2220 1521 ne-

434 1603 523 1695 qve
552 1573 775 1664 omnibus
798 1577 1009 1667 numeris
1035 1606 1137 1666 esse
1163 1572 1457 1687 absolutum3
1500 1596 1547 1666 et
1574 1572 1736 1697 qvoad
1766 1574 2221 1697 alteram-objectio·
2333 1620 2334 1623 Ν

430 1720 610 1807 nemin
627 1716 768 1808 titulo
794 1724 1003 1845 apposui
1018 1707 1312 1814 uocabulum
1341 1742 1690 1843 cryptogama,
1725 1754 1819 1844 qvo
1847 1720 2221 1849 Phanerogamae
2333 1772 2334 1831 3

434 1859 747 1954 excludantur
755 1897 767 1975 ;
788 1861 902 1956 licet
917 1864 1019 1958 haee
1041 1868 1302 1988 praecautio
1317 1897 1418 1956 non
1434 1869 1502 1957 ita
1519 1864 1663 1956 fuerit
1679 1870 1965 1978 necessaria,
1986 1863 2222 1989 siqvidern
2333 1946 2334 1949 γ

430 2006 606 2133 plantae
631 2013 858 2131 aqvaticae
880 2009 1254 2139 Phanerogamae
1284 2042 1428 2135 aqvas
1460 2007 1652 2135 qvidem
1681 2032 1860 2123 amant,
1898 2008 1985 2100 sed
2008 2015 2058 2098 in
2088 2013 2223 2134 aqvis

432 2159 649 2282 generari
667 2159 864 2279 proprie
886 2150 983 2246 dici
1008 2187 1109 2247 non
1136 2177 1354 2282 possunt.
1420 2154 1746 2279 Hydrophyta
1772 2160 1916 2285 igitur
1942 2154 2061 2245 mihi
2085 2177 2220 2246 sunt:

431 2302 627 2393 Planta
670 2311 917 2431 aquaticae
954 2323 1313 2427 cryptogamoe‚
1375 2338 1501 2392 nnnc
1525 2300 1788 2428 frondosas
1830 2322 1917 2390 aut
1936 2303 2221 2426 filiformes,

431 2481 558 2535 nnnc
572 2448 876 2571 galatinosae.
948 2450 1174 2541 Ceterum
1188 2450 1481 2541 vocabulum
1496 2470 1670 2573 sponte
1690 2481 1741 2539 se
1757 2448 1876 2538 mihi
1896 2446 2070 2539 obtulit
2078 2481 2091 2558 ;
2131 2479 2225 2571 po-

430 2613 534 2683 stea
550 2613 710 2683 tamen
739 2594 869 2682 idem
893 2591 1084 2686 duobus
1106 2598 1162 2684 in
1188 2595 1384 2710 locis*)‚
1424 2626 1626 2718 qvorum
1649 2596 1795 2719 igitur
1829 2597 2112 2688 auctoritate
2132 2593 2225 2683 niti

432 2767 658 2859 possum,
689 2738 785 2852 jam
805 2757 1089 2855 usurpatum
1112 2735 1227 2826 vidi.

543 2864 641 2967 'Ad
667 2873 849 2969 calcem
864 2872 975 2969 libri
992 2874 1146 2997 adjeci
1163 2907 1479 3007 conspectum
1508 2884 1743 3013 algarum,
1774 2889 1826 2973 in
1852 2890 1999 2977 Flora
2021 2892 2225 2977 Danicn
2333 2880 2334 2885 Ν

432 3024 681 3151 hucusqve
699 3021 1066 3139 delineatarum,
1109 3058 1261 3151 qvem,
1301 3060 1411 3119 cum
1428 3061 1551 3154 opus
1569 3026 1688 3117 illud
1701 3027 2008 3147 magnificum
2023 3033 2074 3118 in
2091 3062 2226 3159 mag-

432 3205 546 3262 nam
563 3176 660 3295 jam
679 3178 942 3267 excreverit
966 3170 1165 3287 molem,
1202 3170 1335 3263 haud
1359 3202 1774 3298 supervacaneum
1795 3173 1934 3288 duxi,
1966 3207 2057 3267 nec
2081 3181 2224 3266 Bota-

323 3380 326 3387 -
432 3316 770 3443 nophilisfore
794 3323 1036 3448 ingratum·
1059 3321 1262 3443 speravi.
1344 3315 1526 3409 Addidi
1560 3323 1703 3410 etiam
1736 3317 2008 3449 catalogum
2041 3325 2227 3410 Aucto·
2333 3326 2334 3353 ¹

432 3496 561 3579 rum,
599 3469 681 3586 qvi
696 3463 755 3558 de
771 3463 903 3594 Algis
920 3469 1215 3589 scripserunt
1225 3535 1237 3578 ,
1273 3489 1505 3590 qnatenus
1532 3463 1651 3555 mihi
1670 3469 1775 3556 noti
1803 3488 1934 3579 sunt,
1967 3498 2121 3581 neqve
2145 3496 2227 3554 so-

432 3609 533 3702 lum
549 3645 739 3726 eorum,
761 3616 861 3735 ¹qvi
888 3612 1025 3702 vasta
1047 3607 1296 3701 volumina
1312 3612 1564 3700 memoriae
1585 3608 1924 3732 prodiderunt,
1968 3609 2056 3702 sed
2081 3613 2229 3700 etiam

434 3789 623 3871 eorum,
677 3762 771 3880 qvi'
784 3753 1184 3847 commentariola
1210 3758 1262 3842 in
1288 3751 1452 3844 diariis
1479 3730 1657 3845 alicubi
1683 3753 1905 3881 deposita
1939 3787 2230 3874 composue-

318 3929 321 3935 ’
433 3927 564 4013 runt;
603 3937 661 3992 ex
685 3932 743 3990 eo
765 3903 909 4025 igitur
930 3902 990 4008 is,
1029 3902 1108 4017 qvi
1123 3902 1174 3982 in
1198 3880 1445 4016 hac'parte
1465 3898 1662 3983 ulterius
1688 3894 1917 4019 progredi
1946 3900 2101 4021 cupit,
2141 3895 2228 3988 eli-

391 4030 397 4036 *
435 4070 515 4172 gat
526 4112 546 4158 ,·
582 4078 681 4167 qvae
701 4043 794 4167 sibi
806 4043 995 4162 optime
1024 4037 1296 4129 conducere
1319 4035 1609 4161 opinabitur.
1681 4040 1783 4150 Sie,
1817 4042 1895 4163 qvi
1926 4035 1986 4131 de
2015 4041 2229 4131 Oscilla-
2333 4124 2334 4155 p

435 4201 567 4281 torio
584 4191 761 4280 limosa
779 4207 826 4277 et
844 4181 903 4274 de
923 4185 1021 4303 ejus
1041 4180 1334 4306 aliarumqve
1354 4178 1737 4309 oscillationibus
1756 4183 1897 4310 plura
1912 4187 2069 4308 cupits
2093 4187 2228 4278 evol·
2333 4174 2334 4235 ³

361 4376 367 4381 ·
434 4361 517 4430 vat
539 4340 717 4460 scripta
742 4334 1041 4432 Adnnsonit',
1086 4332 1163 4420 De
1189 4328 1439 4430 Sanssnre,
1485 4316 1735 4432 Fontana,
1788 4332 2046 4453 Hofmonn
2065 4336 2225 4461 Bang,

437 4480 660 4584 Scherer,
700 4478 927 4570 Senebier
951 4482 1060 4587 δια,
1098 4498 1145 4565 et
1171 4469 1336 4597 qvi'de
1361 4478 1503 4565 variis
1531 4479 1774 4567 variorum
1799 4470 1858 4567 de
1884 4479 2066 4570 Nostoc
2093 4511 2228 4568 com-

440 4629 837 4717 manasententiis
865 4620 1007 4746 plura
1032 4616 1294 4733 desiderat,
1332 4623 1371 4709 is
1392 4623 1570 4729 scripta
1594 4623 1882 4722 Garrodorr',
1921 4622 2224 4728 Reonmum'i,
2333 4600 2334 4609 .

424 4773 640 4867 danaen
658 4779 742 4864 &n
764 4770 1002 4893 inspiciat.
1065 4768 1184 4859 Sunt
1200 4768 1345 4858 etiam
1365 4769 1416 4856 in
1433 4764 1508 4858 his
1523 4765 1656 4857 libris
1673 4765 1806 4856 haud
1820 4798 2001 4893 pauca,
2041 4801 2141 4893 qvae
2162 4767 2226 4861 ad

441 4977 709 4999 Μ

483 5094 514 5175 *i
562 5092 673 5161 Goett.
693 5090 756 5179 gel.
770 5098 856 5159 Ana.
879 5099 972 5167 1815·
987 5090 1052 5160 No·
1066 5095 1118 5166 64.
1134 5113 1169 5182 p.
1186 5096 1259 5164 625.
1284 5106 1316 5155 et
1327 5087 1503 5180 Liljeblad
1517 5085 1617 5155 Flora
1638 5088 1734 5161 Srec.
1751 5089 1803 5175 ed.
1820 5090 1862 5158 11.
