4728 6088
497 506 578 561 xrr
1192 490 1465 566 PRAEFA'I'IO.

446 685 704 822 tyronibus¹
730 690 926 783 obvium
956 690 1262 782 examinandi
1293 688 1731 817 determinandiqve
1756 690 1945 786 facilior
1968 690 2204 811 reddatur,
2329 710 2337 729 '

446 833 568 924 adeo
613 853 668 920 ut
695 830 1053 928 distributionis·
1078 869 1171 963 ope
1198 840 1373 930 certior
1403 834 1486 927 fiat
1518 838 1731 932 curiosus
1761 837 1972 966 algarum
1995 821 2206 951 rimator,

443 997 601 1066 utrum
632 979 915 1104 exemplar,
938 979 1069 1105 qvod
1097 983 1142 1072 ei
1170 978 1232 1070 ad
1252 982 1419 1073 manus
1446 1003 1536 1096 est,
1578 1014 1742 1075 revera
1763 989 1826 1074 sit
1850 982 1923 1098 id,
1958 976 2095 1107 ¹qvod
2127 982 2210 1072 hic

447 1117 737 1242 descriptum
763 1130 990 1248 reperiat,
1037 1158 1204 1218 necne.
1273 1128 1351 1216 Sic
1380 1129 1523 1253 igitur
1541 1123 1720 1218 factum
1748 1151 1841 1240 est,
1882 1149 1957 1241 ut,
2003 1159 2054 1218 re
2087 1127 2211 1217 bene

442 1267 702 1388 pensitato,
738 1270 790 1355 in
808 1268 880 1359 bis
898 1274 1071 1361 nostris
1089 1268 1416 1396 Hydrophytis
1434 1267 1761 1393 dispescendis
1783 1271 2002 1364 ordinem
2016 1293 2211 1361 natura·

441 1407 557 1521 lem,
595 1433 819 1530 quantum
833 1410 936 1505 fieri
950 1419 1132 1539 potuit,
1169 1444 1425 1528 servarem,
1471 1412 1533 1504 ad
1559 1413 1765 1508 fructum
1790 1415 2102 1507 nihilominus
2134 1410 2205 1528 eei,

299 1566 302 1575 '
445 1552 638 1678 qvaipar
663 1567 783 1671 erat,
820 1566 1083 1652 attentione
1099 1558 1277 1684 ubiqve
1297 1563 1573 1680 respiciens.

573 1702 642 1786 Ex
662 1704 886 1824 operibus
907 1702 1278 1795 clarissimorum
1295 1707 1510 1795 virorum
1527 1697 1720 1804 Rothii,
1755 1701 2085 1796 Scaclshousii,
2111 1706 2212 1791 La-

442 1855 739 1948 mourouaeii,
770 1844 1017 1972 Agardltir'
1044 1846 1337 1971 aliorumque
1364 1846 1504 1973 plura
1526 1876 1701 1974 genera
1726 1868 1966 1936 mutuatus
1992 1881 2114 1959 sum,
2147 1843 2213 1934 ad

440 1980 621 2100 fontes,
662 1987 790 2080 unde
816 2015 926 2081 sunt
950 1990 1139 2105 hausta,
1173 1995 1336 2083 omnia
1359 1990 1589 2104 referens,
1625 1989 1816 2114 qvibus,
1852 1986 1939 2078 ubi
1967 1992 2035 2078 rei
2057 1992 2222 2114 magis*

439 2126 728 2223 illustrandae
744 2134 1065 2226 necessarium
1080 2157 1162 2226 aut
1181 2134 1297 2227 utile
1315 2132 1587 2249 videbatur,
1625 2130 1859 2224 nonnulla
1877 2163 2005 2223 nova
2028 2129 2209 2220 addidi.

438 2272 493 2359 In
525 2276 828 2400 Synonymiis
863 2284 1132 2405 specierum
1165 2313 1418 2402 earumque
1455 2278 1857 2403 descriptionibus
1903 2273 2215 2368 elaborandis
2289 2366 2294 2383 ,

438 2447 673 2506 summam
700 2416 811 2507 dedi
837 2454 1057 2544 operam,
1106 2449 1161 2516 ut
1185 2447 1342 2537 essent
1369 2446 1622 2539 accuratae,
1669 2444 1715 2514 et
1739 2424 1863 2512 inter
1885 2422 2216 2547 prolixitatem
2336 2446 2337 2455 ‘

438 2561 767 2653 verbosiorem
803 2561 1176 2686 brevitatemqve
1212 2569 1542 2675 obscuriorem
1574 2565 1783 2657 mediam
1816 2570 1949 2690 qvasi
1993 2585 2217 2656 tenerent

437 2707 587 2812 viant3
618 2705 963 2839 descriptiones
982 2739 1123 2821 vero,
1154 2718 1208 2798 ut
1227 2710 1349 2799 bene
1374 2704 1614 2834 intelligo,
1644 2739 1735 2831 pro
1765 2742 1900 2799 more
1923 2713 2063 2799 nimis
2092 2710 2220 2829 jeju-

437 2876 512 2934 nae
539 2871 649 2939 sunt
674 2873 813 2974 atqve
841 2884 1122 2983 exsangues,
1181 2855 1259 2944 cui
1291 2853 1526 2972 jejunitati
1548 2873 1602 2940 ut
1629 2849 1960 2975 qvadantenus
1978 2851 2220 2972 mederer,

442 2990 801 3088 observationes
818 2998 1074 3090 nonnullas
1093 2999 1230 3121 operi
1247 2995 1328 3086 hic
1348 2994 1447 3086 illic
1470 2998 1681 3085 intexere
1708 2991 1911 3112 placuit,
1946 2998 1996 3083 in
2022 2997 2217 3118 quibus,

436 3138 479 3225 si
493 3167 596 3257 qvae
611 3162 782 3232 notatu
801 3140 945 3271 digna
963 3144 1258 3250 viderentur,
1288 3143 1457 3264 paucis
1479 3136 1718 3269 interdum
1743 3141 1957 3263 exposui.
2027 3139 2218 3233 Omnia

436 3313 551 3373 vero
570 3286 660 3373 ista
676 3318 871 3410 genera,
903 3290 992 3378 sub
1014 3288 1182 3411 qvibus
1198 3282 1515 3410 Hydrophyta
1528 3285 1717 3374 Danica
1735 3305 1844 3407 apte
1864 3282 2222 3408 comprehendi

434 3458 580 3552 posse
603 3427 808 3545 credidi,
847 3429 1078 3546 dilucide,
1114 3453 1168 3522 ut
1186 3435 1385 3557 opinor,
1419 3461 1447 3517 a
1466 3461 1516 3520 se
1533 3433 1738 3521 invicem
1757 3427 2079 3519 discriminata
2097 3452 2224 3522 sunt

435 3575 489 3661 in
521 3574 854 3703 Sciagraphia,
873 3590 879 3599 “
901 3579 1040 3697 operi
1080 3579 1341 3687 praemissa,
1398 3577 1531 3690 cujus
1567 3570 1857 3663 adminiculo
1894 3588 2059 3663 omnes
2094 3577 2224 3664 istas

436 3715 624 3841 plantas
664 3716 725 3808 ad
748 3751 889 3808 suum
919 3750 1152 3841 qvamqve
1180 3749 1327 3846 genus
1354 3713 1552 3830 referre,
1602 3749 1679 3808 me
1713 3714 1902 3839 qvidem
1929 3740 2226 3837 proxeneta,

437 3891 541 3969 non
556 3859 714 3951 multis
732 3882 972 3980 premetur
993 3858 1364 3949 difficultatibus.
1432 3863 1612 3947 Omnia
1630 3857 1990 3976 impedimenta,
2027 3888 2128 3979 qvae
2162 3863 2225 3956 in

440 4023 691 4126 systemate
713 3997 969 4093 condendo
995 3998 1076 4090 hic
1098 3998 1196 4087 illic
1221 4008 1325 4090 'sese
1350 3997 1577 4111 offerunt,
1610 3994 1853 4087 demedio
1881 3997 2069 4111 tollere,
2105 4000 2225 4099 fieri

439 4179 541 4238 non
554 4167 734 4272 potest;
769 4145 1157 4267 nunquamenim
1176 4142 1238 4232 ad
1253 4141 1405 4270 leges,
1439 4174 1551 4267 qvas
1570 4140 1779 4233 humana
1796 4175 1929 4234 mens
1952 4150 2223 4274 excogitat,

440 4326 543 4386 sese
564 4293 780 4420 restringi
801 4294 981 4415 patitur
1006 4287 1130 4378 alma
1154 4310 1325 4379 natura
1356 4313 1403 4381 et
1426 4286 1768 4413 polymorpha3
1822 4285 1908 4378 sed
1932 4284 2102 4404 libere,
2151 4321 2227 4415 ,ut

439 4462 639 4565 magnus
668 4440 818 4561 ipsius
849 4456 1035 4546 auctor,
1068 4435 1165 4526 vim
1189 4465 1325 4525 suam
1344 4436 1549 4546 exserit,
1573 4431 1749 4524 formas
1775 4429 1978 4525 induens
2001 4442 2226 4537 maxime

441 4581 745 4696 multifarias,
795 4577 1190 4701 intellectumque.
1211 4578 1420 4671 hominis
1449 4576 1645 4671 limitati
1670 4609 1794 4699 saepe
1821 4575 2048 4669 deludens
2056 4615 2069 4692 ;
2124 4591 2226 4706 sic,

441 4749 496 4819 ttt
516 4725 787 4851 exemplum⁴
811 4722 1020 4815 afferam:
1057 4724 1326 4850 Gignrtina
1341 4723 1542 4826 viridis,
1580 4746 1626 4814 et
1656 4723 2226 4848 Scyrosiplroufoenieu-

441 4874 631 4976 Iacens,
665 4867 865 4994 qvos-ad
883 4867 1181 4994 Phycoidata
1201 4871 1430 4961 continua
1445 4872 1614 4960 merito
1633 4870 1918 4982 amandavi,
1937 4875 1988 4957 in
2001 4883 2226 4971 summis

442 5017 735 5111 ramulorum
754 5017 970 5141 apicibus
988 5011 1226 5109 interdum
1248 5011 1772 5147 genicula‘ostenduut;
1800 5012 1897 5110 hoc
1921 5036 2080 5112 tamen
2104 5050 2229 5115 non
