4728 6088
940 448 1210 524 PRAEFATIO.
1829 470 1914 524 xm

189 657 343 748 etiam
376 682 478 743 non
503 653 570 740 ita
592 650 882 774 multo'post
907 650 1361 765 animadvertebam,
1408 650 1495 740 has
1517 646 1704 774 plantas
1729 681 1786 742 ex
1806 649 1966 747 fructu

190 798 302 892 solo
329 802 382 889 in
405 793 623 889 ordinem
637 797 851 924 redigere
871 828 972 888 esse
990 791 1320 887 difficillimum
1337 793 1491 907 factu,
1524 789 1680 885 etfere
1698 795 1864 889 inutile
1883 832 1966 892 co-

191 976 393 1054 namen3
421 943 580 1030 sciunt
605 944 733 1033 enim
748 970 934 1055 omnes,
971 941 1137 1065 qvibus
1161 936 1588 1065 Hydrophytorum
1608 943 1820 1065 cognitio
1839 973 1966 1053 ‚curae

192 1087 308 1202 fuit,
338 1085 542 1179 fructum
568 1087 619 1173 in
644 1082 748 1176 aliis
769 1083 987 1176 nondum
1012 1116 1113 1176 esse
1135 1072 1392 1196 detectum,
1425 1106 1472 1175 et
1488 1085 1631 1211 igitur
1650 1082 1806 1175 adhuc
1821 1083 1965 1210 plane
1994 1120 1997 1131 ’

189 1238 416 1362 ignotum
424 1266 438 1341 ;
474 1230 757 1354 quibusnam
781 1233 924 1357 igitur
948 1232 999 1318 in
1014 1228 1135 1320 locis
1154 1227 1271 1319 tales
1295 1226 1469 1350 plantae
1489 1225 1670 1318 steriles
1687 1229 1818 1349 juxta
1835 1229 1966 1337 fruc-

189 1400 297 1469 tum
330 1374 610 1491 militarent,
666 1372 719 1464 id
744 1370 962 1481 nondum
998 1395 1127 1465 certo
1156 1369 1342 1463 definiri
1365 1394 1553 1495 posset,
1609 1370 1694 1463 sed
1720 1372 1781 1464 ad
1812 1408 1964 1473 meras

192 1524 519 1644 conjecturas,
567 1551 626 1611 ex
652 1515 894 1644 Anologia
914 1516 1107 1608 habitus
1134 1519 1378 1608 exterioris
1406 1537 1602 1629 sumtus,
1646 1515 1732 1608 sed
1755 1516 1963 1639 fallaces,

191 1688 323 1759 esset
345 1660 687 1790 refugiendum.
753 1664 987 1754 Praeterea
1011 1659 1192 1752 fructus
1217 1665 1269 1749 in
1302 1658 1405 1751 aliis
1433 1682 1504 1751 est
1525 1664 1789 1757 rarissimus
1798 1700 1811 1776 3
1830 1665 1966 1771 ¹hinc

192 1815 359 1933 itaqve
380 1804 597 1923 efficitur,
627 1831 704 1922 ut,
735 1810 777 1899 si
795 1805 1034 1899 ex·fructu
1051 1802 1304 1928 dispositio
1322 1801 1450 1895 facta
1473 1808 1552 1918 sit,
1588 1828 1715 1930 tyro,
1748 1815 1880 1931 cujus
1897 1835 1966 1904 ta.

194 1987 307 2048 men
332 1957 385 2042 in
406 1984 549 2043 usum
570 1954 834 2076 praeprimis
863 1950 1108 2043 elaborata
1137 1970 1281 2052 esset,
1320 1979 1492 2072 parum
1516 1946 1629 2042 inde
1646 1951 1860 2048 utilitatis
1888 1992 1967 2051 ca-

191 2119 347 2227 peret,
385 2100 632 2190 cuminter
649 2095 856 2222 plurima
877 2097 1144 2223 specimina
1169 2091 1315 2204 lecta,
1356 2090 1596 2184 interdum
1617 2100 1698 2187 vix
1725 2132 1782 2193 ac
1801 2135 1863 2196 ne
1887 2112 1966 2198 vix

185 2241 388 2369 quidem
410 2245 612 2335 unicum
633 2239 929 2335 fructiferum
961 2244 1210 2337 inveniret
1279 2238 1402 2327 Sunt
1421 2269 1570 2363 porro
1596 2244 1843 2364 nonnulla,
1883 2283 1968 2345 ne-

193 2421 284 2514 qve
308 2392 380 2478 ita
402 2418 563 2512 pauca
587 2418 788 2483 numero
819 2419 878 2479 ex
902 2382 1416 2508 Thalassiophytorum
1445 2414 1606 2511 grege,
1661 2421 1757 2513 qvae
1783 2389 1965 2520 duplici

194 2530 561 2627 fructificatione
589 2534 851 2658 gaudeant,
893 2533 1069 2651 partim
1096 2526 1302 2649 capsulis
1331 2531 1533 2619 externis
1565 2531 1814 2642 instructa,
1854 2542 1966 2665 p'ar.

194 2683 286 2769 tim
310 2678 571 2770 seminibus
596 2679 739 2769 nudis
765 2664 927 2767 frondi
947 2669 1024 2762 vel
1052 2670 1271 2795 apicibus
1297 2669 1588 2764 ramulorum
1614 2679 1809 2797 innatis,
1855 2720 1969 2812 qva-

196 2855 304 2914 ntm
333 2825 475 2951 igitur
501 2827 626 2913 inter
651 2818 963 2942 Cryrogamas
997 2818 1121 2905 ratio
1156 2812 1323 2907 eadem
1353 2839 1444 2920 est,
1498 2849 1555 2913 ac
1581 2823 1967 2955 Polygamiarum

185 2969 318 3061 inter
350 2969 751 3093 Phanerogamas.
822 2963 942 3051 Utra
974 2957 1143 3050 harum
1170 2963 1314 3089 igitur
1342 2960 1765 3064 fructificationum
1795 2974 1967 3072 funda-

189 3116 342 3205 menti
360 3116 507 3203 instar
524 3109 773 3202 divisionis
791 3101 1014 3233 eligenda
1032 3109 1131 3196 est?
1159 3109 1250 3232 Fac
1269 3110 1488 3234 capsulas
1498 3147 1511 3226 3
1540 3115 1637 3234 jam
1653 3149 1792 3237 vero,
1828 3130 1868 3215 si
1885 3128 1968 3217 Al-

187 3255 374 3386 gologo
403 3255 527 3349 lorte
555 3254 752 3347 obvium
775 3248 919 3341 fuerit
947 3250 1189 3376 exemplar
1216 3257 1476 3348 seminibus
1502 3258 1642 3354 nudis
1667 3268 1964 3394 instructum,
2081 3340 2084 3349 ·

187 3405 247 3492 in
264 3398 460 3513 eodem,
490 3430 597 3523 qvo
620 3390 781 3510 antea,
822 3394 1062 3488 haesitaret
1082 3393 1207 3513 luto,
1242 3433 1333 3493 nec
1348 3403 1550 3496 multum
1576 3438 1634 3499 ex
1658 3408 1741 3500 tali
1760 3416 1966 3542 disposi-

192 3546 334 3630 tione
362 3540 625 3660 proliceret.
700 3543 941 3660 Denique,
993 3546 1035 3631 si
1061 3538 1378 3663 Hydrophyta
1408 3548 1539 3659 juxta
1571 3549 1777 3642 fructum
1809 3560 1966 3650 distri-

189 3682 422 3792 buuntur,
450 3679 584 3769 haud
602 3711 708 3774 raro
732 3678 915 3796 accidit,
945 3707 1000 3775 ut
1017 3716 1086 3798 ea,
1116 3716 1215 3807 qvae
1233 3705 1404 3773 natura
1420 3707 1548 3780 arcte
1567 3692 1827 3816 conjunxit,
1848 3736 1964 3828 pro.

189 3822 275 3917 cul
299 3821 646 3952 disjungantur,
680 3829 772 3931 sic,
806 3848 859 3917 ut
884 3830 1155 3954 exemplum
1176 3826 1389 3947 afferam,
1425 3828 1774 3932 Furcelldriam
1799 3869 1965 3963 notum

187 3968 311 4060 'dam
339 3990 387 4061 et
408 3970 743 4066 lumbricalem
769 3992 905 4064 tanta
927 3975 1061 4067 adse
1087 3980 1296 4068 invicem
1322 3977 1632 4089 similitudine
1657 3958 1850 4088 habitus
1884 4027 1963 4088 ex-

181 4116 378 4217 terioris
395 4112 641 4251 accedere,
673 4141 726 4208 ut
740 4113 818 4209 vel
838 4114 1118 4212 difficillime
1136 4152 1229 4213 ase
1247 4120 1587 4242 diseemantur,
1625 4137 1965 4264 qvienegabit?

188 4262 386 4373 Fructus
405 4281 563 4387 autem
579 4266 783 4353 omnino
803 4260 1042 4378 diversus;
1071 4269 1247 4359 etitem
1266 4267 1533 4393 exemplum
1559 4272 1619 4361 ab
1638 4273 1785 4369 altera
1799 4305 1959 4404 parte:

190 4406 412 4493 Fructum
441 4402 757 4513 Odontholiae
780 4406 994 4503 dentatae
1031 4433 1077 4502 et
1107 4414 1388 4536 Gigaptt'nae
1412 4414 1659 4538 subfuscoe‘
1675 4451 1725 4511 se
1745 4426 1960 4523 invicem

176 4545 406 4660 referre,
434 4552 534 4670 qvis
557 4579 658 4639 non
682 4547 844 4640 videtl
879 4554 1062 4645 Habitu
1084 4583 1199 4645 vero
1225 4554 1297 4644 hae
1321 4556 1496 4680 plantae
1520 4558 1643 4653 adeo
1673 4563 1959 4696 discrepant,

183 4711 249 4778 'ut
265 4713 508 4814 utramqve
528 4690 591 4783 ad
607 4691 738 4784 idem
753 4727 902 4823 genus
922 4696 1115 4814 referre,
1153 4696 1351 4792 cuidam
1362 4705 1442 4792 vix
1460 4735 1668 4830 unqvam
1684 4713 1735 4798 in
1751 4736 1961 4811 mentem

190 4841 363 4926 veniat.
426 4836 557 4957 Qvid
576 4842 722 4966 igitur
740 4843 792 4928 in
808 4841 882 4932 his
902 4834 1201 4935 faciendum?
1234 4848 1283 4933 si
1305 4845 1511 4939 fructum
1529 4872 1582 4941 ut
1598 4848 1959 4955 fundamentum

188 4975 441 5075 divisionis
468 4974 709 5110 eligimus,
752 5009 920 5081 contra
944 5010 1163 5099 naturam
1187 5023 1463 5116 peccamus,
1499 4998 1541 5088 si
1564 4993 1802 5116 habitum,
1842 5036 1959 5098 con-
