4728 6088
908 500 1183 577 PRAEFATIO.
1676 548 1684 565 ‚
1786 524 1883 581 xxv

122 709 323 802 harum
338 704 612 834 plantarum
628 706 986 836 physiologiam
1002 724 1245 834 spectant,
1278 734 1440 833 qvam,
1476 729 1647 834 utpote
1664 705 1845 802 altioris
1863 714 1936 801 in-

129 853 337 987 daginis
354 857 569 980 meisqve
586 853 797 945 humeris
825 857 1080 980 imparem,
1111 852 1256 978 plane
1280 859 1418 946 omisi
1427 891 1440 967 ;
1483 887 1583 981 qvae
1608 858 1736 947 enim
1760 858 1819 947 de
1847 858 1935 949 ob·

131 1032 286 1097 scura
308 1000 402 1091 hac
424 1032 475 1091 re
508 1002 568 1089 ab
602 996 799 1093 eruditis
821 1003 917 1120 jam
942 1029 1141 1093 excussa
1174 1022 1222 1093 61
1255 1004 1306 1090 in
1341 998 1757 1096 dissertationibus
1788 1006 1934 1099 variis

127 1168 440 1277 pertractata
457 1143 669 1263 fuerunt,
716 1145 874 1238 adhuc
898 1142 1115 1239 sufficere
1134 1146 1331 1239 credidi.

276 1297 466 1407 Restat,
509 1316 563 1384 ut
588 1299 700 1420 pios
723 1316 975 1420 gratosqve
1008 1326 1143 1386 meos
1168 1292 1365 1420 publice
1394 1299 1659 1422 exprimam
1684 1327 1852 1390 sensus
1880 1301 1933 1389 in
1978 1378 1981 1395 .

132 1445 287 1537 Viros
321 1424 766 1555 excellentissimos,
812 1438 1176 1554 illustrissimos,
1230 1438 1591 1558 celeberrimos,
1645 1447 1726 1568 qvi
1756 1448 1809 1533 in
1833 1442 1933 1535 hoc
2081 1454 2083 1458 '

141 1586 385 1712 opusculo
411 1584 601 1680 edendo
627 1585 747 1677 mihi
775 1582 1225 1679 benevolentissime
1260 1583 1538 1700 adfuerunt3
1586 1592 1819 1716 imprimis
1848 1621 1932 1681 au·
2027 1614 2030 1628 ⁴

138 1757 248 1826 tem
263 1730 583 1825 nominandus
604 1754 675 1825 est
691 1734 775 1823 Vir
801 1712 1227 1824 excellentissimus
1255 1734 1281 1823 J
1284 1733 1391 1825 OH.
1412 1736 1560 1827 SIEG.
1576 1767 1606 1824 A
1621 1717 1929 1850 MOSTJNG,

143 1910 296 2004 eqves
323 1878 498 1971 ordinis
524 1877 823 2005 elephantini
841 1884 924 1971 &c
949 1883 1057 1992 816,
1099 1882 1178 2001 qvi
1202 1880 1379 2006 insigni
1406 1911 1513 1995 sua,
1563 1914 1656 2006 qva
1691 1914 1768 1975 me
1799 1914 1932 1975 com·

140 2024 314 2153 plexus
335 2050 417 2155 est,
444 2023 743 2157 indulgentia
758 2021 890 2151 apud
907 2028 1090 2152 Regem
1109 2045 1328 2114 nostrum
1349 2030 1733 2153 augustissimum
1756 2026 1927 2143 effecit,

140 2196 198 2266 ut
221 2173 319 2266 hoc
348 2173 635 2299 opusculum
664 2176 715 2262 in
733 2170 892 2264 lucem
915 2164 1165 2296 proderct3
1227 2172 1310 2259 Vir
1341 2169 1761 2266 excellentissimus
1801 2176 1929 2267 OVE

139 2321 442 2435 MALLtNG,
473 2318 656 2433 ordinis
675 2318 1041 2445 Dannebrogici
1059 2338 1235 2442 magna
1252 2346 1393 2409 cruce
1410 2341 1604 2413 ornatus
1623 2328 1721 2436 uc,
1745 2325 1823 2446 qvi
1835 2353 1926 2447 pro

139 2500 232 2561 suo
257 2469 311 2558 in
334 2499 413 2558 me
437 2463 603 2560 favore
627 2464 978 2557 limatissimum
1001 2495 1143 2555 suum
1171 2457 1233 2551 ad
1260 2493 1368 2555 mea
1398 2470 1654 2557 conamina
1686 2499 1929 2560 commen-

147 2612 306 2707 danda
338 2611 576 2705 calamum
609 2643 796 2703 sumere
829 2608 965 2697 haud
997 2606 1089 2697 fuit
1119 2604 1427 2737 dedignatus;
1479 2608 1577 2703 Cel.
1613 2611 1755 2705 Prof.⁴
1782 2616 1820 2708 J.
1846 2617 1924 2712 W.

144 2761 568 2872 HORNEMANN,
611 2789 713 2880 eqv.
737 2749 1123 2868 ord.Dannebr.,
1161 2756 1294 2874 cujus
1323 2753 1557 2850 beneficio
1586 2756 1649 2849 ad
1667 2756 1930 2855 bibliothe-

144 2939 251 3000 cam
268 2905 398 3000 horti
416 2906 633 2998 botanici
648 2899 947 3015 Hafniensis,
976 2923 1023 2991 et
1037 2904 1154 2993 item
1172 2899 1235 2991 ad
1248 2900 1525 2996 herbarium
1543 2908 1694 3032 ipsius
1714 2908 1930 3039 algarum

139 3051 450 3167 ditissimum,
509 3074 558 3144 et
594 3048 873 3141 herbarium
908 3044 1007 3139 Cet
1049 3048 1542 3144 WORMSKIOLDH
1577 3059 1927 3182 peregrinantis

64 3254 68 3259 ·
138 3199 554 3327 Groenlandicum
577 3194 734 3287 aditus
752 3192 873 3284 mihi
894 3193 1111 3318 patebat3
1141 3194 1240 3286 Cel.
1268 3198 1582 3291 HOFMANN
1601 3203 1793 3318 BANG,
1830 3205 1929 3296 exi.

134 3353 263 3441 mius
282 3344 534 3476 algologus
546 3413 560 3460 ,
597 3346 677 3470 qvi
695 3343 838 3455 mihi,
870 3338 1135 3433 liberorum
1157 3345 1308 3467 ipsius
1324 3352 1635 3473 praeceptori,
1671 3352 1828 3474 prima
1845 3349 1928 3441 Al-

139 3491 348 3617 gologiae
375 3489 608 3583 elementa
626 3489 877 3614 praecepit,
924 3507 972 3577 et
1003 3519 1062 3579 ex
1083 3520 1172 3580 suo
1198 3488 1424 3586 herbario
1449 3526 1581 3587 meas
1614 3493 1924 3590 collectiones

142 3663 275 3755 saepe
306 3631 493 3740 ditavit3
535 3629 635 3720 Cel.
661 3628 791 3719 Prof.
815 3630 952 3721 JOH.
982 3632 1350 3761 COLSMANN,
1401 3641 1479 3759 qvi
1513 3635 1776 3731 editionem
1803 3672 1926 3766 opu-

134 3774 264 3867 sculi
284 3773 417 3896 apud
433 3776 733 3898 potentiores
754 3796 942 3868 strenue
970 3777 1343 3893 commendavit3
1385 3781 1576 3875 Summe
1593 3786 1707 3875 Rev.
1733 3786 1922 3882 ΟΤΤΟ

131 3918 474 4032 FABRICIUS,
508 3923 663 4044 Episc.
693 3943 739 4012 et
758 3924 842 4013 Dr.
862 3922 1034 4016 Theol.
1052 3923 1241 4042 honor,
1284 3959 1387 4052 eqv.
1415 3926 1515 4023 ord
1541 3931 1802 4048 Dannebr,
1843 3939 1925 4059 qvi

134 4062 271 4194 algas
305 4095 416 4154 suas
455 4064 837 4159 Groenlandicas
872 4069 992 4161 mihi
1027 4072 1386 4198 percurrendos
1416 4075 1647 4170 benevole
1686 4084 1922 4202 permisit3

134 4208 269 4301 idern
295 4206 453 4301 debeo
493 4207 593 4301 Cel.
629 4214 757 4304 Prof.
788 4215 1066 4332 GlESEKE,
1122 4219 1390 4313 commend.
1411 4220 1512 4313 ord.
1541 4225 1801 4344 Dannebr,
1843 4233 1924 4352 qvi

134 4351 327 4446 Halniae
351 4372 457 4482 1317
483 4355 780 4479 aliqvantum
797 4365 1028 4485 temporis
1049 4389 1261 4457 moratus
1282 4364 1411 4493 algas
1436 4398 1547 4460 suas
1571 4372 1623 4458 in
1653 4370 1923 4465 Groenlan·

140 4497 223 4591 dia
234 4494 382 4591 lectas
397 4503 517 4592 mihi
534 4488 862 4626 inspiciendas
883 4531 1056 4631 sponte
1076 4516 1303 4634 porrexit

269 4649 386 4737 Haec
411 4669 540 4761 sunt,
585 4679 686 4772 qva
710 4646 999 4773 praeseminis
1025 4653 1138 4747 loco
1163 4654 1279 4749 huic
1300 4656 1489 4776 libello,
1508 4694 1511 4703 ’
1533 4691 1642 4752 cum
1664 4665 1833 4785 jamin
1859 4700 1919 4762 eo

136 4812 229 4907 est,
272 4812 327 4882 ut
354 4796 405 4880 in
429 4791 683 4918 publicum
707 4797 966 4913 emittatur,
1011 4806 1297 4925 praemittere
1322 4801 1577 4920 voluerim3
1626 4830 1673 4901 et
1696 4842 1826 4904 nnnc
1859 4812 1920 4904 ad

131 4959 436 5065 postremum
454 4962 598 5065 opto,
633 4962 688 5032 ut
701 4946 945 5034 Botanicis
962 4942 1095 5037 haud
1124 4943 1410 5073 displiceant
1428 4982 1537 5044 mea
1561 4956 1614 5045 in
1641 4954 1734 5047 hac
1761 4955 1920 5083 ppella

130 5081 492 5213 ,qvaliacunqve
511 5090 789 5208 conamina,
824 5120 1027 5214 qvorum
1039 5126 1117 5188 me
1137 5116 1263 5190 certe
1278 5128 1381 5192 non
1396 5100 1596 5227 pigeret,
1625 5105 1669 5215 si
1685 5103 1923 5226 quandam

1458 5264 1527 5349 (D)

248 5534 377 5617 (ἢ.
