4772 6106
606 445 777 532 saeuo
790 445 1018 537 ortam.
1070 443 1345 547 ooNaaava.
1620 461 1694 535 155

185 651 341 755 Habitat
355 658 392 725 in
417 678 520 726 amne
543 657 875 729 Frederiohsdalino
899 658 1104 746 Sellandiaa,
1136 661 1272 749 rarius3
1301 654 1453 728 Miiller.
1505 629 1564 731 t'td
1583 682 1668 733 saxa
1691 665 1746 730 ri-

170 787 368 879 ¹valorum,
404 801 441 857 et
466 792 505 859 in
530 792 626 881 aqvis
649 793 748 879 puris
778 793 936 881 rapidius
959 792 1151 860 fluentibus
1173 791 1320 879 Daniae,
1350 790 1514 881 vulgaris.
1562 790 1604 859 In
1625 792 1745 863 rivulis

166 908 442 1015 [Faeroensibus.
464 961 515 974 —
538 918 630 1003 βίη
643 923 765 993 rivulis
784 924 1051 1015 Faeroensibus,
1072 934 1113 993 ut
1126 927 1183 1006 ,ad
1198 923 1360 1011 Qvalbiie
1375 923 1544 993 Suderiie.
1572 961 1622 1017 ··†
1644 953 1683 1018 y.
1707 927 1746 994 in

178 1056 261 1122 sinu
276 1054 480 1125 Othiniensi
496 1065 533 1123 et
545 1055 823 1149 alibi'freqvens.

226 1212 351 1279 DESC.
396 1213 500 1279 Radix
514 1217 642 1301 exigua,
667 1233 798 1297 scutata,
821 1218 994 1300 nigricans.
1033 1218 1107 1284 Fila
1122 1236 1304 1303 aggregata,
1327 1235 1392 1283 tres
1408 1215 1546 1308 pollices
1564 1217 1604 1283 ad
1622 1221 1749 1309 spitha-

247 1398 250 1409 ¹
309 1339 396 1383 mam
410 1316 526 1402 longa,
552 1318 707 1409 capillum
721 1320 900 1399 humanum
917 1322 1059 1397 crassitie
1074 1324 1248 1414 aeqvantia,
1272 1323 1470 1399 fluctuantia,
1495 1322 1660 1402 conserta,
1687 1323 1748 1387 de-

309 1420 405 1501 bilia,
422 1425 664 1504 ,ramosissimm
689 1439 862 1489 attenuata.
908 1426 1002 1491 Remi
1021 1422 1155 1503 alterni,
1179 1424 1364 1503 divaricati,
1390 1423 1509 1504 angulo
1532 1440 1637 1496 tamen
1653 1443 1749 1492 acuto

308 1542 492 1605 exeuntes,
512 1528 637 1616 apicem
659 1551 769 1593 versus
790 1527 985 1609 fasciculam,
1015 1529 1143 1610 virgati.
1196 1524 1324 1591 Remuli
1345 1528 1462 1591 summi
1484 1527 1664 1616 simplices,
1692 1552 1747 1594 se-

309 1629 427 1709 cundi,
453 1633 600 1719 eqvovis
614 1631 763 1716 geniculo
779 1627 897 1713 singuli
910 1649 1061 1696 excuntes
1070 1679 1080 1710 ,
1105 1630 1339 1720 approximati,
1363 1653 1428 1718 qvo
1449 1633 1549 1712 magis
1564 1631 1606 1695 ad
1620 1634 1746 1721 apicem

309 1735 591 1824 appropinqvaut,
616 1759 654 1799 eo
669 1735 854 1811 breviores,
879 1735 970 1823 apice
985 1734 1104 1799 obtusi.
1152 1730 1290 1796 Articuli
1306 1732 1464 1798 diametro
1482 1733 1600 1823 3-4plo
1613 1734 1746 1820 longio-

309 1861 377 1917 res,
401 1860 505 1902 massa
520 1835 619 1901 viridi
634 1854 689 1900 aut
709 1837 768 1901 toti
783 1835 877 1900 sarcti
886 1883 895 1915 ,
921 1854 975 1901 aut
989 1836 1165 1901 utriculati.
1209 1833 1369 1899 Genicula
1384 1835 1532 1901 obseura.
1578 1838 1680 1904 Color
1694 1863 1748 1903 sa-

312 1957 413 2005 turate
428 1938 560 2017 viridis,
583 1937 748 2004 interdum
762 1939 907 2004 dilutior.
950 1926 1137 2006 Substantia
1150 1938 1413 2016 membranacea,
1436 1963 1499 2026 pro
1515 1942 1684 2003 teneritate
1700 1955 1750 2003 sat

301 2062 415 2110 tenax.
462 2046 602 2109 Aestate.
649 2043 776 2109 Chartae
792 2039 863 2107 laxe
879 2042 1033 2107 adhaeret.

227 2180 319 2248 OBS.
364 2184 403 2246 In
416 2181 478 2246 hac
492 2183 609 2271 specie,
633 2182 780 2247 ut'etiam
794 2183 828 2245 in
840 2177 1053 2268 Zygnemnte
1067 2178 1212 2264 quinino,
1226 2175 1262 2237 in
1277 2174 1434 2256 stagnosis
1448 2174 1525 2239 Hals
1541 2198 1646 2265 prope
1662 2175 1750 2240 Hof-

312 2308 480 2369 mansgavc
494 2287 618 2350 Fioniae
634 2303 781 2375 tempore
794 2283 920 2349 vernali
935 2281 1004 2348 vidi
1017 2278 1264 2371 animalculum
1276 2273 1493 2360 irffusorium,
1515 2278 1604 2367 qvod
1618 2280 1651 2341 in
1666 2303 1748 2343 con-

313 2389 374 2454 cita
390 2388 571 2466 urceolata,
595 2388 738 2453 breviter
753 2388 914 2476 stipitsta,
938 2409 1007 2451 non
1022 2380 1203 2474 pellucido,
1225 2380 1308 2444 susci
1324 2377 1375 2443 vel
1399 2378 1532 2445 olivacei
1555 2380 1672 2447 coloris
1686 2382 1748 2444 ha·

311 2494 445 2571 bitabat,
462 2509 560 2582 caput
573 2515 612 2555 cx
628 2490 754 2556 orificio
770 2490 903 2554 conchae
918 2511 983 2552 suae
1000 2487 1188 2573 sreqventer
1205 2500 1238 2547 et
1252 2484 1404 2549 vivaciter
1418 2507 1565 2549 exserens
1581 2483 1746 2568 (esnTab.

314 2605 367 2666 53.
384 2595 427 2659 B.
443 2595 509 2678 3.);
532 2598 568 2660 in
585 2616 685 2684 opere
700 2591 968 2681 praestantissimo
984 2586 1053 2652 Cel.
1074 2586 1116 2651 0.
1131 2586 1332 2655 Mirum
1352 2586 1392 2651 de
1406 2585 1604 2652 animalculis
1618 2587 1747 2653 inluso·

280 2746 284 2755 .
316 2699 374 2760 riis
392 2720 466 2760 eam
484 2699 569 2762 hanc
591 2697 733 2786 speciem
748 2693 867 2757 frustra
888 2692 1108 2780 quaesiverim,
1134 2714 1242 2780 operae
1258 2693 1400 2780 pretium
1420 2690 1521 2754 habui
1533 2691 1665 2755 brevem
1680 2694 1747 2773 ejus

315 2796 467 2865 hocloco
483 2801 615 2881 injicere
629 2798 847 2875 mentionem
871 2818 945 2860 cum
962 2812 1069 2858 autem
1086 2817 1183 2859 sensu
1198 2796 1353 2861 strictiori
1365 2795 1431 2860 huc
1445 2818 1513 2862 noa
1526 2795 1684 2886 pertinet,
1713 2796 1748 2858 in

317 2902 454 2967 transitu
469 2900 756 2981 solummodohoc
773 2897 896 2964 dictum
911 2922 979 2963 esse
995 2916 1174 2964 censeatur.

448 3094 504 3175 Η
555 3116 651 3184 aqvoe
672 3093 782 3163 salsoe.

254 3263 314 3335 38.
367 3252 404 3323 C.
423 3248 645 3346 crystallina
654 3274 668 3337 ,·
689 3249 757 3319 filis
775 3250 1034 3335 ramosissimis,
1050 3248 1239 3340 tenuibus,
1264 3254 1375 3320 ramis
1392 3246 1675 3322 subverticillatis
1693 3244 1751 3317 vel
1837 3220 1841 3228 ¹

183 3386 481 3476 subdichotomis3
507 3384 653 3455 ramulis
677 3381 810 3452 ultimis
833 3382 1017 3471 secundis,
1041 3381 1225 3468 solitariis,
1252 3386 1402 3473 strictis,
1427 3384 1584 3454 articulis
1602 3380 1750 3471 subpel-

66 3506 69 3510 ’
182 3513 328 3601 lucidis,
353 3520 527 3595 diametro
546 3516 655 3604 10plo
673 3513 906 3602 longioribus.

320 3674 469 3743 consensa
489 3673 656 3744 cryualtana
681 3670 764 3726 Roth.
784 3672 914 3730 Caabot.
940 3694 961 3738 r,
984 3694 1010 3747 p.
1034 3672 1089 3745 196.
1119 3684 1144 3739 3,
1164 3693 1193 3747 p.
1215 3684 1272 3746 239.
1301 3698 1336 3717 -
1360 3677 1407 3747 Ag.
1427 3675 1506 3749 Disp.
1526 3694 1554 3748 p.
1575 3684 1616 3739 31.
1637 3686 1664 3725 at
1684 3670 1747 3744 Spu.

331 3869 366 3885 -
381 3758 478 3915 ppdia
497 3842 582 3901 anu.
597 3841 658 3905 Cat.
678 3842 733 3899 bot.
755 3861 782 3908 a,
801 3863 828 3916 p.
848 3864 907 3901 aar.
925 3876 959 3891 ·-
976 3845 1064 3903 Wulf.
1083 3860 1166 3920 crypt.
1186 3864 1213 3913 p.
1232 3863 1275 3905 aa.

236 3998 280 4097 β)
301 4000 502 4082 virescens,
523 4000 590 4070 filis
605 3982 800 4111 saiuratius
816 4001 991 4076 coloreas.
1588 4094 1593 4101 .
1772 4020 1862 4091 Tab,
1882 4027 1940 4101 54„

316 4163 465 4236 Conserva
484 4160 654 4234 asystallina
672 4164 698 4222 β.
718 4171 864 4217 virescens
881 4166 967 4220 Roth.
985 4165 1047 4220 Cat.
1069 4164 1125 4218 lrol.
1147 4175 1172 4229 3,
1192 4185 1217 4237 p.
1237 4179 1297 4235 259.
1376 4220 1379 4229 ,

151 4256 159 4277 ¹
184 4301 333 4376 Habitat
350 4308 390 4374 in
412 4300 741 4415 sinuOthiniensi3
772 4302 976 4392 Hofmean
992 4306 1116 4397 Bang.
1166 4303 1224 4374 Ad
1246 4304 1344 4373 littus
1366 4302 1544 4370 Naustadt
1562 4301 1748 4396 Holsafiae,
1836 4360 1843 4368 .

189 4443 225 4496 et
242 4437 288 4503 ad
308 4436 461 4503 insulam
483 4436 701 4521 Fimbriam,
726 4438 887 4528 copiosa,
913 4436 1023 4506 Rotla
1049 4473 1100 4488 —
1123 4432 1161 4521 β.
1185 4438 1232 4504 ad
1261 4440 1394 4505 ostium
1416 4436 1515 4503 sinus
1538 4432 1748 4505 Kalvesund

187 4583 299 4652 prope
316 4560 472 4676 Areadal
488 4566 674 4659 Norvegiae
690 4566 921 4658 Phycoidatis
938 4550 1192 4641 adhaerescens.

177 4762 181 4771 ·
229 4718 351 4785 DESC.
399 4721 584 4788 Fascimlus
599 4728 736 4806 densus,
759 4725 898 4815 palmari
912 4745 945 4793 et
958 4728 1042 4793 ultra
1057 4728 1267 4814 longitudine.
1314 4727 1385 4794 Fila
1405 4729 1507 4794 abasi
1520 4752 1621 4821 usqve
1636 4753 1748 4798 ramo-

219 4903 223 4909 ,
319 4823 462 4897 sissima,
490 4821 589 4887 dense
608 4828 767 4914 implexa,
790 4836 851 4901 3-4
866 4829 1002 4920 pollices
1019 4830 1129 4915 longa,
1153 4832 1273 4923 capillo
1288 4832 1430 4899 humano
1445 4835 1587 4898 crassitie
1606 4822 1749 4923 aequalia.

319 4925 413 4993 Remi
427 4921 548 4988 inserui
563 4928 823 5012 subverticillati,
850 4935 920 4999 basi
941 4950 1103 5022 patentes,
1126 4935 1244 5021 deinde
1260 4938 1374 5015 erecti,
1399 4937 1507 5015 densi,
1533 4938 1658 5026 apicem
1672 4961 1750 5003 ver·

320 5054 375 5098 sus
391 5030 602 5109 remotiores,
626 5030 698 5093 bini
710 5029 761 5095 vel
775 5039 859 5101 terni
873 5062 911 5106 ex
927 5037 1039 5127 qvovis
1055 5037 1202 5119 geniculo
1221 5055 1382 5104 excuntes.
1427 5038 1555 5104 Remuli
1571 5039 1749 5106 subsecun-

1259 5145 1360 5230 (20⁸)
