4728 6088
323 585 534 762 Rux
573 568 1253 755 “Auausrrs'sutul

445 947 818 1125 norun
863 946 1592 1123 curuuurtssutu!

160 1833 323 2070 Qvae
362 1881 427 1986 ad
463 1888 753 1994 universam
782 1886 931 2031 regni
958 1872 1092 1998 TUI
1121 1868 1441 2005 felicitateni,
1511 1880 1746 2006 salutem,
1812 1879 1932 2025 glo·
2076 2026 2078 2033 ,

154 2123 287 2271 riam
318 2121 539 2249 faciunt,
609 2164 718 2267 qvae
749 2126 926 2232 adres
955 2130 1147 2272 patrias
1186 2120 1510 2232 illustrandas
1548 2150 1600 2226 et
1640 2121 1930 2229 dilucidan-

158 2364 251 2468 das
279 2394 541 2529 spectant,
586 2364 904 2513 haecomnia
943 2349 1131 2517 ΤΙΒΙ,
1159 2369 1358 2511 optimo
1387 2366 1574 2484 Patriae
1599 2368 1755 2506 patri,
1786 2312 1931 2466 sum-¹

157 2644 256 2712 mae
285 2646 490 2754 semper
519 2606 729 2712 fuerunt
758 2642 896 2709 curae
932 2632 984 2711 et
1023 2605 1191 2731 cordi,
1259 2635 1316 2712 ut
1353 2596 1551 2709 omnes
1573 2603 1929 2710 venerabundi

157 2873 428 2970 testantur,
493 2878 550 2955 ut
588 2853 761 2955 etiam·
778 2842 928 2951 factis
956 2826 1119 2950 TUls
1150 2851 1272 2954 satis
1302 2875 1353 2953 et
1393 2842 1618 2993 quotidie
1653 2846 1902 2991 probatur
1912 2888 1927 2966 3

152 3128 318 3231 qvare
347 3095 525 3216 etiam,
594 3130 713 3194 cum
742 3114 821 3194 tot
849 3093 1102 3194 sustineas
1131 3128 1237 3213 res,
1308 3128 1339 3195 a
1375 3121 1451 3196 tot
1476 3090 1731 3232 tantisque
1759 3125 1927 3232 nego-

152 3331 239 3432 tiis
270 3334 499 3437 animum
528 3370 734 3477 semper
760 3331 1059 3474 vigilantem
1097 3329 1164 3437 ad
1199 3360 1331 3438 artes
1361 3331 1704 3476 elegantiores
1743 3329 1928 3439 adver-

157 3592 277 3670 tens
322 3578 481 3709 opera
528 3573 686 3677 multa
732 3575 808 3674 rei
853 3573 1106 3676 litterariae
1149 3569 1487 3694 honorifica,=
1529 3612 1640 3714 qvae
1680 3574 1802 3674 alias
1840 3516 1927 3673 vix

154 3756 331 3913 lucem
367 3805 633 3931 vidissent,
703 3770 772 3911 in·
799 3809 940 3914 orbis
987 3812 1173 3919 eruditi
1219 3852 1372 3918 usum
1409 3780 1605 3958 publici
1651 3812 1775 3955 juris
1811 3808 1925 3917 fieri

149 4050 367 4191 jussisti3
438 4050 513 4152 sic
550 4052 703 4155 etiam
747 4047 943 4157 factum
983 4084 1080 4179 est,
1150 4056 1206 4159 id
1245 4055 1388 4194 qvod
1427 4056 1631 4161 silentio
1664 4054 1928 4203 praeterire

21 4331 24 4335 ·
151 4289 286 4395 mihi
316 4315 453 4396 esset
479 4290 686 4435 religio,
737 4320 815 4415 ut,
867 4333 980 4435 qvae
1008 4277 1165 4402 TUA
1193 4322 1270 4400 est
1298 4332 1422 4440 erga
1452 4323 1585 4399 artes
1616 4306 1796 4401 omnes
1819 4276 1923 4397 ⁴bu-

79 4472 83 4479 Ι
151 4569 337 4637 manas
368 4572 569 4638 summa
595 4533 960 4643 benevolentia
989 4564 1041 4640 et
1067 4535 1365 4658 liberalitas,
1432 4535 1539 4647 hoc
1571 4539 1925 4681 qualecunqve

150 4775 454 4881 Tentamen
484 4777 553 4878 de
581 4776 941 4923 Hydrophytis
970 4780 1189 4887 Dauicis
1226 4781 1281 4883 in
1309 4777 1573 4925 publicam
1598 4776 1769 4889 lucem
1798 4815 1927 4925 pro·

150 5017 309 5138 deat;
365 5016 440 5119 sic
468 5020 620 5123 etiam
647 5019 844 5126 laetum
876 5046 972 5143 est,
1015 5022 1153 5162 qvod
1184 5021 1423 5130 lubenter
1448 5021 1634 5137 fateor,
1668 5048 1732 5123 ut
1758 5000 1922 5187 TUIS
