4728 6088
509 454 575 566 xx
1216 481 1494 557 rnerano

589 693 830 815 Deniqve,
862 694 904 780 si
924 685 986 781 ad
1000 686 1249 801 utilitates,
1283 717 1398 809 qvas
1416 684 1736 811 Hydrophyta
1752 685 2032 777 hominibus
2052 693 2155 783 sine
2174 697 2248 782 in-

458 858 677 932 terventu
696 857 942 961 praestant,
992 835 1298 958 respicimus,
1347 828 1622 959 commoda,
1666 862 1766 955 qvae
1782 856 1848 921 'ex
1876 834 1934 922 iis
1960 831 2244 957 redundant,

460 1006 544 1075 aut
562 980 831 1074 redundare
850 1001 1066 1103 possunt,
1100 1001 1226 1071 certe
1243 974 1385 1103 plura
1405 998 1451 1069 et
1471 979 1694 1103 graviora
1710 975 1809 1066 dici
1825 1001 2078 1096 merentur,
2106 1016 2248 1107 qvam

463 1163 562 1256 qvae
580 1125 725 1256 vulgo
744 1148 986 1253 putantur·
1054 1124 1345 1216 Alimentum
1371 1121 1564 1247 qvidem
1588 1121 1868 1214 hominibus
1886 1147 2110 1245 praestare
2132 1162 2247 1254 pos·

459 1296 590 1388 sunt,
623 1272 766 1397 idqve
787 1305 887 1364 non
908 1269 1065 1363 solum
1088 1274 1141 1358 in
1162 1272 1357 1361 arctiori
1383 1300 1577 1360 annona
1603 1290 1686 1359 aut
1707 1273 1777 1361 rei
1801 1266 2121 1363 frumentariae
2139 1278 2246 1366 ino-

457 1424 542 1547 pia
555 1418 688 1511 haud
714 1416 1057 1544 spernendum,
1090 1412 1176 1506 sed
1196 1418 1341 1505 etiam
1360 1446 1452 1538 pro
1471 1417 1605 1506 vario
1628 1412 1879 1507 hominum
1896 1425 2141 1514 variorum
2159 1455 2244 1549 gu·

458 1588 535 1657 stu
551 1586 827 1692 praeparata
854 1568 907 1653 in
927 1586 1000 1654 sat
1025 1560 1283 1654 delicatum
1306 1581 1354 1650 et
1373 1556 1639 1683 jucundum
1658 1583 1905 1653 vertuntur
1929 1567 2102 1659 cibum.
2165 1570 2245 1660 Sic

457 1708 635 1801 Islandi
668 1742 769 1804 non
800 1713 1114 1836 pauperiores
1149 1727 1355 1820 tantum,
1412 1701 1498 1797 sed
1523 1735 1711 1830 qvoqve
1742 1704 1940 1801 ditiores
1966 1710 2156 1805 ferculis
2185 1744 2245 1807 ex
2354 1726 2355 1797 ὲ

444 1860 591 1948 Ultra
607 1858 836 1978 palmata
861 1878 908 1947 et
924 1858 1218 1944 Laminaria
1240 1850 1485 1943 esculenta
1512 1849 1708 1975 aliisqve
1726 1857 1905 1976 paratis
1926 1889 2113 1951 mensas
2133 1890 2242 1950 suas

455 1999 589 2094 haud
614 2035 722 2094 raro
745 2007 978 2093 instruere
1003 1997 1171 2091 solent
1236 2001 1270 2086 F
1273 2028 1506 2089 aeroenses
1529 2019 1685 2089 costas
1708 2001 2011 2090 Laminarioe
2034 2008 2244 2095 esculea
2354 2024 2355 2037 ¹

456 2172 547 2252 tce,
586 2183 686 2273 qvae
702 2145 960 2240 medullam
981 2143 1130 2238 caulis
1153 2146 1391 2235 Brassicae
1420 2144 1656 2234 oleraceae
1679 2148 1893 2270 sapiunt,
1932 2146 2102 2241 crudas
2130 2181 2244 2242 coc-

454 2317 620 2417 tasqve
648 2292 955 2386 comedentes
984 2314 1171 2421 gratum
1198 2288 1360 2382 cibum
1379 2285 1654 2415 praedicant.
1724 2292 1857 2381 Scoti
1882 2295 2060 2384 Uluam
2089 2296 2245 2387 umbi.
2354 2292 2355 2303 ‘

453 2442 648 2534 Zicalem
684 2462 730 2530 et
751 2444 1023 2529 Lactucam
1048 2472 1138 2564 pro
1166 2469 1251 2531 suo
1276 2468 1410 2528 more
1434 2456 1723 2560 preparatas
1751 2440 1803 2524 in
1834 2435 2018 2531 deliciis
2043 2440 2239 2533 habent.
2354 2478 2355 2503 ³

452 2590 611 2713 Lappi
642 2584 861 2678 ultimam
893 2582 1085 2676 Thulen
1109 2582 1455 2695 inhabitantes,
1502 2582 1591 2708 ubi
1626 2581 1744 2673 alius
1771 2588 1889 2709 ipsis
1924 2585 2061 2683 cibus
2092 2586 2239 2715 deest,
2354 2616 2355 2621 ‘

451 2754 643 2827 montes
667 2728 962 2854 relinqrunt‚
997 2732 1185 2850 orisque
1202 2733 1372 2821 vicinis
1390 2728 1574 2849 petitis,
1610 2723 1741 2851 Algis
1765 2732 1982 2823 victitare
2003 2734 2241 2857 dicuntur,
2354 2732 2355 2801 ?

453 2883 564 2971 Huc
593 2880 738 2970 etiam
766 2871 930 2966 referri
952 2894 1158 2998 possunt
1177 2868 1293 2961 Nidi
1318 2868 1387 2957 illi
1410 2867 1565 2959 Indici
1591 2868 1843 2988 esculenti,
1887 2909 1944 2967 ex
1967 2876 2244 2972 Thalassio·
2354 2970 2355 2995 Ν

451 3024 613 3153 phyris
641 3017 927 3151 qvibusdam
957 3016 1235 3148 gelatinosis
1272 3017 1331 3104 ab
1364 3016 1530 3106 avibus
1561 3024 1846 3124 constructi,
1897 3023 2066 3143 qvibus
2092 3025 2160 3114 nil
2189 3031 2243 3114 in
2354 3066 2355 3121 ι

451 3194 639 3265 ventres
668 3168 868 3264 divitum
894 3162 1150 3287 jucundius
1179 3157 1447 3273 descendit;
1490 3170 1629 3288 atqve
1648 3162 1780 3255 haud
1799 3171 1924 3283 scio,
1969 3200 2030 3258 an
2046 3173 2243 3262 Plutar-

452 3314 592 3420 chus,
627 3315 714 3406 ubi
737 3312 796 3406 de
823 3313 1019 3405 solertia
1042 3307 1325 3402 animalium
1348 3308 1580 3432 loqvitur,
1624 3313 1819 3403 eosdem
1846 3316 2079 3429 innuerit3
2121 3315 2241 3411 dicit

450 3494 646 3588 nempe:
687 3456 1025 3552 ’'Peculiariter
1039 3455 1280 3587 Phycides
1300 3490 1358 3550 ex
1380 3454 1486 3585 alga
1503 3453 1651 3548 veluti
1675 3454 1842 3548 nidum
1862 3458 2098 3585 qvendam
2122 3495 2241 3554 con-

449 3629 705 3720 struentes,
747 3639 805 3729 eo
833 3638 973 3696 suum
998 3604 1183 3696 foetum
1206 3604 1266 3695 ab
1293 3603 1435 3696 undis
1461 3601 1810 3724 defendunt''*).
1878 3604 2040 3698 Alium
2064 3605 2244 3698 deinde
2299 3596 2301 3601 Α

451 3778 500 3850 et
515 3760 617 3845 sine
639 3750 789 3842 dubio
815 3756 1196 3875 praestantiorem
1213 3783 1354 3841 usum
1375 3755 1426 3839 in
1446 3749 1544 3841 sale
1562 3751 1805 3868 Alcalino,
1836 3751 1980 3877 vulgo
1997 3755 2119 3866 Kelp
2141 3751 2245 3843 dic-

450 3924 517 4016 to,
534 3894 841 4004 conficiendo
851 3894 1257 4014 Thalassiophyta
1275 3914 1499 4012 praestare
1516 3893 1721 3976 dicenda
1741 3915 1869 3996 sunt;
1898 3896 1950 3975 in
1966 3888 2132 3984 insulis
2145 3896 2243 3987 Or-

452 4046 651 4143 cadibus
671 4041 802 4133 hunc
818 4042 868 4127 in
884 4034 1030 4125 finem
1053 4037 1252 4156 copiose
1267 4031 1505 4158 leguntur,
1538 4049 1584 4118 et
1603 4026 1799 4133 reditus,
1833 4038 1911 4156 qvi
1931 4034 2101 4127 incolis
2122 4040 2241 4134 inde
2340 4134 2344 4139 ,

454 4194 670 4305 obvenit,
709 4209 783 4281 sat
803 4179 1042 4273 lucrificus
1068 4209 1170 4269 esse
1201 4174 1574 4299 perhibetur”);
1618 4174 1748 4268 bono
1773 4183 1916 4272 etiam
1937 4200 2160 4274 successu
2185 4193 2241 4279 in

449 4338 620 4431 insulis
644 4330 968 4435 Faeroensib'us
1005 4320 1178 4417 eodem
1213 4320 1363 4416 modo
1394 4322 1611 4415 adhibita
1635 4320 1848 4439 fuerunt,
1904 4347 1951 4417 et
1975 4330 2239 4425 etiamnum

506 4623 537 4706 ²)
582 4626 651 4709 otia
665 4626 696 4692 δὲ
716 4627 747 4695 air
764 4624 885 4709 φυκίδες
907 4624 942 4687 ἐκ
958 4627 1013 4688 τῶν
1026 4617 1137 4705 φυκῙυυ
1157 4612 1210 4685 olor
1232 4620 1360 4686 νεοττιὰν
1381 4618 1642 4699 &armaricam
1655 4617 1888 4712 περιαμπέχουσι
1903 4622 1953 4687 τὸυ
1970 4621 2069 4698 γόνον,
2100 4624 2149 4690 xa>
2166 4627 2236 4693 ese·
2354 4694 2355 4703 ,

580 4755 680 4798 aaron
696 4731 756 4797 ἀπὸ
779 4734 830 4796 τοῦ
846 4729 993 4801 κλύδωνος.
1042 4713 1209 4785 Plutarch.
1230 4719 1289 4786 lib.
1308 4721 1350 4784 de
1365 4718 1498 4785 solertia
1519 4721 1648 4787 animal.
1685 4744 1757 4809 cap.
1774 4719 1929 4785 XXXllI.
1951 4760 1991 4773 -
2011 4722 2241 4819 Plutarchus,

579 4849 617 4896 ut
631 4856 670 4896 ex
685 4845 838 4896 contextu
851 4843 958 4918 patet,
983 4848 1043 4916 per
1057 4831 1176 4914 φυκίδες
1186 4827 1299 4913 pisces
1315 4823 1476 4916 qvosdant
1487 4824 1647 4894 intellexit
1652 4850 1663 4909 3
1673 4821 1748 4894 ·sed
1762 4823 1834 4891 nidi
1846 4824 1897 4891 illi
1914 4826 2020 4896 Indici
2035 4826 2076 4895 ad
2093 4827 2234 4903 Hiran·u
2354 4838 2355 4879 t

585 4936 665 5002 dine
678 4936 848 5001 esculenta
861 4932 1007 5001 construi
1029 4929 1196 4996 dicuntur.
2232 4928 2242 4939 ⁰

491 5054 537 5140 ”J
587 5055 693 5122 Turn.
715 5054 854 5142 Synopr.
882 5053 979 5119 Tom.
1003 5050 1029 5115 Ι.
1054 5071 1089 5139 p.
1115 5053 1189 5122 134.

460 4714 465 4723 ι
