4812 6096
687 427 760 517 196
909 525 913 533 Ι
1109 419 1282 497 sncno
1308 412 1481 491 saxam
1534 415 1747 492 amcam.

634 639 790 713 Habitat
809 637 855 707 ad
867 633 991 707 littora
1005 632 1152 724 Danioe,
1178 633 1357 725 lapidibus
1378 632 1529 704 littoreis
1546 633 1591 702 ab
1609 635 1717 704 undis
1732 634 1879 704 marinis
1894 634 2108 708 humectatis
2129 653 2214 708 arc-'
2303 646 2306 653 '

635 779 774 849 tissime
789 775 929 844 adnata.
954 808 1006 824 —
1029 765 1069 857 β.
1085 771 1132 839 ad
1146 769 1248 839 littus
1264 768 1423 839 Torbaek
1438 767 1630 838 Sellaudiae
1647 768 1847 863 Gigartinae
1874 769 2055 842 subfuscae
2072 771 2218 865 aliisque

633 907 948 1000 Thalassiophytis
976 903 1245 993 adhaerescens,
1272 905 1426 994 copiose.

679 1071 805 1138 DESC.
854 1067 1005 1133 Frondcs
1022 1067 1165 1151 globosa
1181 1063 1234 1135 vel
1255 1067 1366 1156 potius
1381 1065 1657 1157 hemisphaerica,
1681 1067 1903 1153 magnitudino
1919 1071 2052 1135 seminis
2067 1070 2226 1158 Simqsios

769 1173 822 1244 vel
838 1172 1024 1250 Cannabis,
1054 1189 1178 1261 puncta
1198 1188 1268 1236 atra
1288 1170 1486 1249 reserentes,
1516 1194 1653 1260 sparsae,
1684 1172 1834 1238 solitarias
1856 1172 1908 1237 vel
1929 1172 2042 1266 plures
2063 1176 2099 1237 in
2119 1194 2224 1242 unum

769 1277 947 1357 confluxae,
972 1274 1173 1353 durissimae,
1199 1276 1378 1341 arctissima
1395 1273 1562 1365 lapidibus
1578 1273 1721 1355 adnata,
1746 1275 1828 1343 adeo
1849 1295 1885 1342 ut
1900 1302 1981 1362 aegrc
1999 1277 2078 1342 inde
2094 1276 2223 1345 elidan-

770 1400 841 1460 tur,
866 1381 980 1445 subtus
1001 1378 1242 1446 atro-virides.
1296 1377 1368 1445 Fila
1389 1380 1475 1443 intra
1497 1379 1713 1446 substantiam
1738 1405 1755 1444 e
1777 1398 1890 1447 centro
1907 1382 2071 1446 communi
2093 1380 2224 1448 frondis

768 1486 939 1564 exeuntia,
964 1483 1155 1549 densissime
1172 1501 1361 1576 compacta,
1385 1484 1514 1561 stricta,
1537 1501 1644 1563 recta,
1669 1483 1797 1572 apicem
1813 1508 1921 1549 versus
1938 1502 2109 1564 attenuata,
2129 1488 2223 1576 apice

769 1590 861 1669 lissa,
887 1586 940 1656 vel
958 1589 992 1652 iu
1014 1586 1148 1653 lacinias
1161 1587 1275 1678 plures
1298 1589 1502 1653 tenuissimas
1517 1586 1683 1677 simplices
1700 1588 1896 1652 acuminatas
1919 1588 2088 1678 adpressas
2109 1587 2222 1671 divisa,

766 1696 822 1762 vix
837 1711 946 1759 tamen
959 1692 1034 1758 idco
1048 1716 1178 1759 ramosa
1194 1691 1346 1758 dicenda.
1385 1689 1525 1758 Articuli
1540 1714 1623 1775 aegre
1638 1691 1878 1771 observabiles,
1904 1693 1931 1755 si
1947 1690 2075 1771 adsunt,
2101 1691 2222 1758 oblon-

769 1801 819 1885 gi,
845 1795 1056 1888 cylindracei.
1106 1795 1210 1862 Color
1226 1795 1354 1863 frondis
1370 1815 1511 1862 externae
1529 1813 1615 1875 ater,
1641 1797 1778 1861 internas
1801 1795 2019 1861 atro-viridis.
2068 1797 2228 1863 Substan-

769 1893 1028 1979 ria'durissima,
1059 1898 1199 1967 lubrica.
1246 1904 1336 1968 Toto
1350 1927 1449 1969 auno.
1496 1900 1625 1968 Chartae
1644 1902 1688 1967 ob
1702 1899 1877 1967 duritatem
1893 1924 1962 1965 nou
1981 1899 2142 1981 adbaerct,
2166 1922 2228 1966 nec

771 2008 915 2074 siccitate
936 2021 1093 2071 mutatur.

683 2160 777 2229 OBS.
824 2155 946 2247 Quoad
961 2158 1122 2222 internam
1136 2157 1295 2223 fabricam
1311 2157 1464 2224 Isiacttae
1478 2157 1588 2238 clurae,
1613 2180 1684 2248 qvae
1699 2180 1778 2223 mox
1793 2160 1951 2247 sequitur,
1977 2154 2156 2224 admodum
2174 2156 2224 2221 si-

770 2266 868 2332 milis.
907 2260 977 2328 Cel.
985 2262 1139 2327 Moluius
1153 2263 1249 2329 nobis
1268 2281 1381 2329 auctor
1396 2262 1466 2343 suit,
1485 2262 1571 2327 hanc
1586 2278 1732 2326 nostram
1747 2260 1895 2350 plantam
1911 2286 1980 2327 esse
1995 2264 2126 2326 initium
2140 2261 2223 2326 Fuci

769 2369 823 2439 vel
838 2366 1010 2435 Consertae
1026 2365 1196 2452 cujusdam
1212 2368 1288 2453 (cfr.
1296 2367 1420 2435 Weber
1428 2369 1527 2433 Bcitr.
1537 2366 1643 2444 Tha,
1660 2390 1694 2455 p.
1703 2364 1798 2447 365),
1820 2365 1878 2430 sed
1895 2364 1964 2429 haec
1982 2368 2097 2454 opinio
2114 2366 2223 2443 nobis,

769 2483 913 2568 'qvorum
927 2471 1112 2561 precordia
1125 2497 1165 2538 cx
1180 2474 1289 2563 pejori
1303 2471 1373 2539 luto
1389 2472 1484 2537 finxit
1495 2474 1595 2550 Deus,
1614 2471 1649 2534 in
1662 2468 1911 2535 incredibilibus
1925 2486 2070 2559 putatur.
2091 2471 2223 2553 -‚Va·

770 2583 869 2647 rictas
887 2583 922 2663 β.
941 2595 990 2642 cst
1004 2575 1125 2644 fronde
1138 2579 1271 2658 minori,
1295 2578 1427 2644 sentinis
1442 2576 1633 2666 Papaveris
1647 2572 1699 2640 vcl
1714 2575 1868 2660 Sincpios
1887 2572 2127 2656 magnitudine,
2151 2573 2227 2659 glo-

771 2686 870 2764 bosa,
901 2699 1088 2767 aggregata,
1120 2679 1264 2763 lubrica,
1296 2681 1395 2748 viridi
1404 2707 1415 2763 3
1431 2672 1503 2747 'fita
1518 2698 1627 2745 autem
1641 2681 1729 2744 intra
1748 2679 1961 2744 substantiam
1981 2679 2118 2744 omuino
2136 2694 2227 2759 sunt,¹
2277 2665 2284 2677 ⁹

771 2807 809 2856 ut
823 2792 858 2855 in
873 2813 913 2867 ας
940 2808 1041 2877 qvare
1056 2809 1127 2852 eam
1142 2810 1206 2876 pro
1220 2786 1348 2853 diversa
1368 2786 1477 2875 specie
1497 2784 1668 2851 venditare
1684 2792 1754 2850 non
1772 2781 1888 2848 audeo.
1941 2780 2226 2872 Thalassiopbytis

773 2892 986 2959 iilisormibus
1001 2890 1196 2969 minoribus,
1213 2907 1248 2954 ut
1257 2890 1451 2977 Gigartinoe
1465 2886 1648 2974 subfuscoe,
1668 2886 1825 2951 Gerontio
1841 2885 1943 2951 rubro
1958 2884 2094 2977 aliisque
2109 2885 2151 2973 ad
2165 2884 2224 2951 lit·
2320 2954 2324 2959 ,

770 3015 821 3063 tus
839 2992 984 3062 Torbtclt
1005 3009 1113 3056 testate
1130 3004 1213 3063 1815
1230 2994 1265 3058 in
1290 3010 1378 3056 tanta
1399 2993 1494 3081 copia
1514 2993 1685 3082 parasitice
1701 2990 1906 3069 adhaerebat,
1938 3006 1974 3053 ut
1997 2988 2140 3073 globulis
2159 2990 2225 3058 suis

770 3098 932 3169 viridibus
951 3094 1106 3164 frondem
1120 3118 1236 3163 earum
1252 3095 1295 3161 ad
1311 3111 1441 3187 partem
1455 3093 1525 3159 fare
1546 3093 1718 3159 dimidiam
1730 3092 1830 3159 deuse
1845 3091 2036 3160 obduceret.

907 3332 942 3367 **
989 3347 1085 3414 oqvoe
1110 3324 1232 3389 dulcis.

443 3523 536 3602 Tab.
558 3524 618 3609 67.
714 3517 750 3593 5.
799 3506 849 3584 L.
862 3515 1025 3589 natans3
1050 3499 1182 3572 fronde
1205 3494 1371 3591 globosa,
1395 3515 1505 3585 cara5
1526 3491 1594 3564 filis
1618 3499 1715 3563 intra
1738 3497 1974 3562 substantiam
1996 3493 2231 3584 simplicibus,

642 3649 795 3740 strictis,
820 3643 1030 3732 attenuatis,
1059 3632 1222 3709 articulis
1236 3654 1332 3725 segre
1349 3631 1561 3722 conspicuis.

778 3810 923 3866 Transito
942 3820 1051 3861 natans
1066 3799 1164 3856 Hsdss.
1187 3797 1293 3853 Tbsor.
1313 3813 1405 3867 gensi.
1428 3792 1470 3849 sd.
1484 3811 1509 3856 a,
1529 3812 1556 3866 p.
1574 3804 1632 3859 arg.
1646 3790 1717 3847 Tab.
1731 3790 1775 3859 36.
1790 3791 1836 3864 lig.
1848 3809 1919 3865 7·ro.
1937 3823 1966 3840 -
1981 3790 2065 3847 Roth.
2083 3789 2121 3846 ΡΙ.
2134 3789 2230 3854 Germa,

864 3913 873 3938 ,
915 3915 923 3930 .
986 3893 1006 3928 ι.

795 4010 824 4026 .
840 3889 1020 4029 zaibaidaiu
1037 3972 1125 4028 Huds.
1148 3991 1176 4045 p.
1197 3971 1256 4042 564.
1277 4004 1306 4019 ..
1323 3966 1415 4021 With.
1434 3973 1461 4032 4,
1482 3985 1509 4037 p.
1531 3977 1573 4028 gr.

779 4074 935 4135 iltvularta
955 4078 1097 4150 angulosa
1124 4074 1208 4130 llotb.
1231 4078 1305 4132 blatta
1324 4073 1416 4129 sstltr.
1437 4085 1460 4127 r,
1481 4087 1508 4135 p.
1531 4077 1592 4136 285.
1612 4064 1673 4118 Cat.
1692 4061 1750 4121 bct
1770 4077 1796 4133 3,
1816 4087 1844 4141 p.
1863 4074 1924 4137 340,
1950 4103 1979 4118 -
2004 4071 2117 4126 11001„
2135 4073 2164 4127 it.
2185 4069 2228 4123 m,

841 4179 870 4194 -
890 4152 939 4219 Ag.
960 4148 1042 4219 Disp.
1064 4165 1090 4219 p.
1111 4155 1154 4214 43.
1175 4158 1202 4197 et
1222 4142 1286 4211 Syn.
1307 4157 1334 4210 p.
1355 4156 1412 4208 ¹50·
1436 4136 1513 4200 (cxci.
1532 4152 1589 4205 syn.
1608 4134 1645 4186 Pl.
1665 4131 1742 4198 dan.)

648 4298 803 4371 Habitat
820 4293 858 4363 in
884 4287 991 4362 fossis
1013 4286 1161 4358 turfosis
1183 4285 1229 4354 ad
1251 4275 1463 4373 Kongsville
1485 4299 1600 4370 prope
1625 4276 1899 4375 Frederipbsdal
1920 4278 2110 4350 Sellandise
2133 4283 2231 4352 inter

649 4437 805 4508 Lamnas
827 4425 991 4499 trisulcus
1012 4421 1277 4514 copiosissima,
1300 4418 1409 4485 etiam
1437 4414 1484 4483 ad
1509 4415 1627 4505 ripam
1650 4411 1751 4482 lacus
1775 4411 1943 4483 Veilesiie
1966 4437 2082 4505 prope
2100 4415 2230 4485 Dron-

649 4567 865 4662 ninggaard,
896 4561 1060 4652 alibique.
1095 4591 1143 4607 -
1176 4553 1220 4623 In
1244 4539 1400 4622 Islandia
1425 4550 1521 4622 inter
1543 4546 1749 4621 Fontinales
1771 4570 1976 4641 squamosas
2000 4559 2037 4619 et
2061 4548 2231 4646 falcatas5

651 4700 816 4775 Hoclcer.
927 4736 931 4741 ·

699 4862 826 4932 DESC.
872 4848 1022 4924 Frondes
1038 4850 1192 4936 globosa,
1217 4848 1383 4916 interdum
1400 4851 1435 4915 in
1453 4847 1685 4941 speciminibus
1701 4848 1882 4933 maioribus
1896 4847 2232 4936 globoso-angulosa,

785 4987 887 5043 carae,
912 4985 930 5025 a
946 4950 1079 5025 seminis
1098 4955 1173 5021 Pisi
1189 4952 1231 5018 ad
1247 4955 1348 5022 Nucis
1362 4955 1545 5022 Avellanoe
1553 4950 1820 5035 magnitudinem
1833 4953 2016 5035 variabiles,
2041 4969 2227 5039 aggregata,

782 5072 922 5155 majores
937 5064 1120 5133 minoribus
1138 5060 1304 5127 inmuta.
1352 5058 1425 5125 Fila
1440 5060 1526 5123 intra
1540 5055 1755 5122 substantiam
1770 5056 1988 5149 undequaqve
2002 5058 2154 5124 radiatim
2168 5080 2230 5122 cx-
