4772 6106
712 512 761 584 72
893 496 1063 572 suono
1087 491 1322 567 SECUNDA.
1379 487 1689 566 GASTRIDIUM
1711 492 1749 568 8(
1771 496 1989 570 efluunt·

659 708 812 778 Habitat
824 713 860 778 in
877 708 985 777 fluvio
1001 709 1126 797 rapido
1142 729 1254 797 prope
1271 703 1474 794 Reilrjsrik,
1500 708 1539 774 in
1563 706 1643 772 lacu
1667 706 1916 798 Tldngevalle,
1937 708 2081 801 aliisque
2106 708 2220 782 fluviis

662 841 877 933 lacubusque
892 832 1055 908 lslsndiae
1069 842 1229 930 copiose,
1253 838 1414 906 Hoolrer.
1441 876 1489 892 -
1515 838 1557 907 ln
1572 838 1776 907 fluminibus
1792 839 1990 930 Lapponiae
2017 844 2127 933 magis
2155 865 2223 933 pa-

663 975 769 1042 cificis
788 973 964 1064 lapidibus
979 975 1188 1063 adnaseens,
1227 973 1285 1041 W
1278 968 1487 1062 ablenberg.

705 1134 829 1199 DESC.
875 1133 978 1199 Radix
993 1132 1093 1199 callus
1108 1158 1238 1222 parvus.
1285 1133 1391 1197 Frons
1409 1132 1572 1214 gregaria,
1594 1148 1658 1195 tres
1673 1129 1807 1219 pollices
1832 1131 1874 1197 ad
1889 1132 2000 1223 plures
2022 1134 2125 1224 pedes
2150 1134 2226 1200 lon·
2345 1214 2348 1223 Ι

792 1261 850 1321 ga,
874 1239 944 1301 basi
960 1236 1002 1301 ad
1018 1235 1220 1301 altitudinem
1235 1235 1327 1299 lineae
1341 1259 1440 1324 supra
1462 1232 1605 1297 radicem
1626 1250 1807 1314 attenuata,
1832 1260 1909 1300 mox
1936 1239 2043 1302 subito
2066 1238 2224 1314 obturata,

793 1339 943 1429 aequalis.
967 1364 1109 1429 pennam
1121 1341 1321 1428 passerinam
1337 1355 1369 1401 et
1384 1336 1468 1400 ultra
1489 1360 1615 1415 crassa,
1640 1334 1833 1427 plerumque
1857 1340 1900 1404 ob
1919 1342 2106 1404 tenuitatem
2131 1363 2227 1405 com·
2292 1424 2295 1429 ἡ

733 1463 735 1467 ’
792 1467 921 1535 pressa,
947 1446 1038 1532 apice
1057 1444 1249 1531 incrassata,
1278 1439 1410 1506 elavata.
1459 1442 1597 1504 Fructus
1613 1440 1743 1504 Semina
1766 1439 1864 1520 nuda,
1891 1444 2077 1507 substantia
2100 1442 2227 1509 frondis

793 1546 977 1613 inordinate
1000 1548 1160 1610 immersa.
1205 1545 1306 1611 Color
1328 1543 1434 1608 dilute‘
1451 1542 1583 1623 viridis3
1607 1544 1643 1605 in·
1670 1560 1754 1607 statu
1776 1546 1933 1608 exsiccato
1960 1544 2105 1610 colorem
2126 1547 2228 1611 modo

795 1652 1009 1716 virescentem
1021 1653 1055 1714 in
1071 1650 1181 1715 charta
1197 1648 1362 1737 relinquit.
1409 1647 1593 1712 Substantia
1609 1647 1792 1725 tenerrima,
1810 1663 1851 1726 et,
1870 1650 2010 1736 exceptis
2025 1646 2159 1712 maculis
2174 1672 2228 1712 se·

794 1754 954 1820 miniscris
969 1753 1139 1829 viridibus,
1159 1769 1225 1818 tota
1242 1751 1381 1841 hyalina,
1406 1748 1653 1832 subgulatinosa,
1668 1752 1728 1814 sub
1744 1748 1830 1814 lente
1852 1774 1921 1815 non
1933 1751 2110 1815 reticulata.
2157 1751 2229 1815 An-

795 1880 869 1921 nua.
918 1857 1046 1921 Chartae
1067 1856 1243 1920 arctissime
1259 1854 1413 1925 adhaeret.

710 2002 801 2067 OBS.
849 2008 938 2070 Inter
952 2012 1037 2070 hanc
1053 2022 1085 2069 et
1100 2004 1338 2093 praecedentem
1356 2023 1471 2084 magna
1482 2000 1628 2067 affinitas.
1671 1999 1901 2064 Discernenda·
1919 2017 2024 2067 tamen
2039 2002 2089 2065 hae
2104 2003 2230 2092 species

797 2106 968 2186 videntur3
1001 2105 1055 2167 illa
1076 2108 1180 2181 enim,
1211 2120 1289 2167 teste
1313 2105 1453 2179 Rotltio,
1484 2104 1543 2165 snb
1567 2100 1654 2164 lente
1675 2118 1723 2165 est
1745 2101 1931 2180 reticulata,
1958 2102 2231 2190 quadrangulam

795 2207 865 2272 hacc
879 2232 958 2274 vero
974 2207 1092 2273 fronde
1107 2204 1226 2289 gaudet
1243 2206 1376 2271 omnino
1392 2201 1540 2299 hyalina,
1562 2227 1631 2268 non
1654 2203 1840 2283 reticulata,
1866 2227 1936 2292 qva
1958 2223 2115 2294 praeterea
2137 2207 2230 2296 apice

799 2310 923 2376 clavata
937 2328 994 2376 est.

471 2509 560 2582 Teb.
580 2519 638 2591 18.
741 2518 776 2588 8.
829 2510 875 2578 G.
890 2506 1018 2592 orale,
1042 2507 1172 2575 fronde
1193 2486 1520 2593 tubuloso-inflata,
1542 2505 1651 2593 ovali,
1676 2503 1844 2593 simplici,
1865 2506 2099 2574 tenacissima.

667 2673 820 2742 Habitat
837 2675 882 2742 ad
894 2674 1059 2745 infinum
1072 2670 1232 2745 refluxus
1245 2669 1396 2740 limitem
1409 2668 1538 2756 littoris
1554 2668 1585 2739 F
1587 2671 1754 2737 oeroensis
1765 2718 1776 2756 ,
1797 2678 1839 2737 ut
1854 2672 1900 2739 ad
1917 2670 2046 2762 Qrivig
2053 2720 2064 2760 ,
2089 2670 2235 2763 H'o'yvig

668 2799 754 2889 dte,
779 2803 928 2892 rupibus
944 2804 1119 2873 tenaciter
1135 2802 1393 2870 adhaerescens.

714 2957 837 3024 DESC.
885 2960 988 3026 Radix
1012 2960 1135 3040 exigua.
1182 2958 1331 3023 Frondes
1354 2959 1523 3040 gregaria,
1548 2956 1590 3023 ad
1613 2960 1708 3024 basin
1732 2977 1924 3043 angustata,
1948 2948 2024 3030 mox
2046 2965 2082 3028 in
2105 2965 2235 3030 seminis

800 3061 878 3131 Pisi
891 3063 991 3125 rubei
1003 3061 1261 3143 magnitudinem
1273 3061 1530 3138 intumescentes,
1551 3059 1632 3126 duas
1649 3079 1753 3127 tresve
1769 3061 1869 3127 lineas
1880 3066 2009 3129 circiter
2024 3065 2141 3151 longae,
2163 3067 2237 3155 api-

803 3189 840 3231 ce
855 3167 997 3242 obtusae,
1022 3164 1108 3228 intus
1123 3187 1227 3227 massa
1239 3186 1358 3249 aquosa
1373 3158 1581 3226 vindescente
1596 3162 1748 3250 repletae,
1769 3164 1907 3254 ideoqve
1925 3165 2081 3234 distentae.
2130 3172 2237 3235 Fruc-

803 3285 854 3332 tus
882 3269 1075 3351 ineognitus.
1132 3264 1233 3330 Color
1262 3264 1387 3328 viridis.
1447 3263 1632 3327 Substantia
1660 3265 1919 3345 membranacea,
1956 3292 2023 3334 non
2046 3271 2236 3352 gelatinosa,
2346 3350 2347 3357 ἵ

803 3370 862 3469 sed
874 3394 938 3461 pro
954 3371 1107 3435 tenuitate
1122 3368 1332 3444 tenacissima,
1349 3365 1409 3431 sub
1422 3363 1509 3430 lente
1526 3366 1739 3435 minutissime
1753 3384 1917 3458 punctata.
1941 3372 2081 3435 Aestate.
2107 3373 2237 3436 Chartae

805 3498 874 3538 non
891 3473 1045 3537 adhaeret.

719 3620 811 3689 OBS.
859 3614 1002 3705 Qvando
1018 3640 1036 3677 a
1049 3614 1206 3704 rupibus,
1232 3614 1349 3702 quibus
1369 3612 1570 3676 tenacissime
1585 3616 1770 3696 adherent,
1793 3618 1898 3683 eultro
1917 3619 1969 3684 vel
1983 3619 2081 3683 simili
2097 3620 2240 3709 quodam
2345 3610 2346 3615 ¹

808 3725 1022 3787 instrumento
1041 3714 1258 3795 divelluntur,
1283 3716 1318 3779 in
1335 3738 1417 3804 aqva
1435 3715 1493 3779 diu
1509 3714 1672 3804 spiraliter
1690 3736 1901 3807 torquentur,
1926 3718 2007 3786 adeo
2033 3741 2068 3787 ut
2092 3726 2240 3787 matribus
2344 3782 2345 3785 ,

808 3822 969 3912 captaturi
986 3819 1139 3885 facillime
1164 3818 1347 3913 dabantur.
1386 3820 1494 3885 Massa
1518 3820 1645 3883 interna
1668 3838 1836 3899 evacuata,
1861 3822 1997 3888 frondes
2019 3825 2240 3903 collabuntur,

715 3998 718 4007 ¹
809 3943 842 3991 et
863 3947 947 4011 saepe
975 3921 1104 4007 hyaliua
1132 3937 1301 4007 apparent.
1345 3919 1398 3985 Ad
1424 3919 1544 3997 insudas
1570 3924 1755 3989 Faeroanses
1779 3947 1847 3993 non
1870 3926 1934 3987 nisi
1957 3949 2066 4014 parrae
2091 3927 2240 4004 evadmrt,
2344 3998 2345 4007 χ

761 4086 765 4099 ,
809 4026 867 4092 sed
882 4020 1078 4109 exemplaria
1092 4020 1160 4086 vidi
1179 4023 1214 4087 in
1227 4022 1380 4087 herbario
1396 4020 1465 4085 Cel.
1486 4019 1526 4084 V
1521 4022 1606 4089 otalii
1612 4069 1624 4099 ,
1648 4047 1688 4091 ex
1703 4022 1810 4091 insula
1832 4024 1879 4090 St.
1894 4026 2008 4095 Crucis
2032 4030 2148 4108 allata,
2169 4050 2241 4116 qvae
2344 4012 2345 4027 ἵ

809 4148 908 4194 ovum
917 4123 1142 4191 columbinum
1156 4122 1378 4206 magnitudine
1399 4140 1604 4211 exsuperant.

1282 4350 1625 4379 ἡ

1177 4574 1300 4660 xru.
1382 4569 1735 4693 caonas.

734 4757 818 4809 Frons
836 4768 922 4817 teret,
940 4734 1084 4815 tribulosa,
1105 4754 1314 4826 simplicissima.
1350 4753 1462 4808 Semina
1479 4754 1553 4808 nuda
1575 4756 1604 4808 in
1621 4774 1702 4809 muco
1714 4732 1848 4809 'bundam
1868 4728 2004 4813 ambiente
2023 4755 2185 4815 nidultntit.

489 4928 657 5015 Tab.18.'
782 4931 816 4998 1.
867 4914 928 4989 ct.
944 4914 1091 5003 Filum3
1116 4913 1244 4986 fronde
1259 4925 1395 5007 terete,
1418 4913 1693 5010 simplicissima,
1720 4921 1886 5015 utrinqre
1902 4890 2094 5014 attenuata,
2113 4919 2238 4987 εοιιοο-4

683 5060 762 5123 tute
779 5049 909 5143 spirali.
1115 5048 1117 5056 '
1339 5150 1343 5157 4
1726 5106 1729 5115 .
2339 5040 2341 5177 ,

2340 5182 2341 5239 l
