4812 6096
432 484 801 563 stuatosum
852 479 1202 564 ALCYONIDIUM
1227 481 1266 564 &
1289 484 1568 564 PALMELLA.
1665 500 1741 577 203
1802 534 1807 540 ·

340 703 408 771 tes,
433 695 518 763 hano
536 700 679 788 speeiem
696 696 782 761 inter
796 689 925 785 plantas
941 698 1073 786 posuit,
1100 714 1176 764 eum
1191 696 1312 764 deinde
1335 698 1370 763 in
1385 697 1525 782 figuram
1542 695 1709 783 Zoologiae
1722 699 1797 765 Da-'

341 798 424 865 nicae
449 803 485 867 P.
502 809 533 875 4.
559 804 642 869 Tab.
659 806 731 874 147.
753 798 809 883 fig·
829 806 900 871 1-4.
923 799 1109 885 incidisset,
1134 803 1329 870 sententiam
1349 804 1504 885 mutavit,
1529 821 1562 869 et
1581 804 1617 870 in
1637 787 1795 871 Histoire

339 901 400 967 des
415 905 595 996 Polypiers
611 903 834 993 corallige'nes
840 904 1001 995 flexibles
1015 906 1164 997 plantam
1178 907 1380 976 venditatam
1400 908 1487 973 inter
1502 907 1654 973 animalia
1670 907 1794 975 retulit.

340 1007 455 1101 Neqve
471 1013 582 1095 negari
598 1027 727 1102 potest,
753 1008 906 1094 figuram,
932 1035 1030 1102 qvam
1048 1011 1118 1079 Cel.
1137 1012 1181 1080 Ο.
1194 1013 1238 1078 F.
1251 1013 1422 1079 Mia'llerus
1443 1012 1479 1076 in
1494 1010 1652 1097 Zoologia
1670 1013 1796 1078 Daniea

340 1110 363 1178 l.
380 1137 407 1178 c.
422 1118 511 1198 juxta
535 1114 703 1206 exemplar
728 1110 831 1178 acal.
845 1114 890 1181 P.
910 1114 947 1180 C.
965 1115 1220 1206 Abildgaarclio
1241 1117 1284 1183 ad
1307 1116 1399 1183 littus
1425 1113 1654 1200 Helgolandiae
1671 1115 1795 1183 lectum

340 1217 506 1299 exhibuit,
530 1222 566 1285 in
582 1221 738 1306 figuram,
761 1241 858 1311 qvam
876 1217 946 1285 Cel.
966 1219 1006 1287 V
1002 1222 1116 1287 ofilius
1131 1220 1166 1288 in
1179 1220 1281 1289 Flora
1294 1222 1420 1288 Danica
1443 1220 1527 1284 Tab.
1546 1225 1640 1294 1245.
1663 1244 1797 1312 propo-

336 1322 418 1401 suit,
437 1322 523 1390 bene
538 1326 667 1392 eadere.
716 1325 772 1391 Sic
786 1348 925 1410 regnum
939 1325 1079 1391 animale
1099 1326 1324 1409 interdum-in
1344 1323 1526 1410 vegetabile
1548 1326 1632 1391 adeo
1658 1326 1800 1391 transire

336 1425 486 1509 videtur,
507 1448 545 1495 nt
570 1433 728 1497 terminos
756 1431 929 1520 utriusq've
952 1432 1141 1498 verissimos
1162 1431 1382 1498 determinata
1402 1447 1533 1494 maneat
1554 1426 1796 1495 difficillimum.
1906 1514 1910 1519 Ι

342 1527 416 1617 Ego
432 1536 608 1625 eqvidem,
636 1537 693 1626 qvi
708 1534 795 1601 hane
810 1535 955 1627 speciem
974 1536 1126 1602 nondum
1140 1538 1176 1601 in
1186 1553 1272 1603 statu
1289 1535 1416 1600 recenti
1431 1532 1519 1613 vidi,
1545 1532 1587 1599 ab
1611 1536 1702 1600 omui
1714 1559 1801 1626 pro-

334 1639 490 1704 nunciata
510 1640 687 1721 mittentia,
712 1656 749 1704 ut
767 1639 815 1706 fas
831 1657 898 1721 est,
922 1638 1075 1706 lubenter
1092 1642 1252 1707 abstineo.
1299 1638 1422 1703 Utrum
1438 1661 1519 1705 vero
1534 1637 1702 1719 animalia,
1725 1662 1798 1730 qvae

334 1738 371 1804 in
385 1741 543 1827 Zoologia
559 1745 685 1809 Daniea
701 1744 833 1834 depicta
847 1760 994 1824 exstant,
1018 1744 1104 1810 hane
1120 1761 1270 1811 nostram
1287 1765 1428 1808 massam
1445 1740 1657 1826 gelatiuosam
1682 1766 1799 1809 revera

336 1842 541 1928 inhabitent,
563 1874 605 1913 an
620 1847 674 1913 alii
695 1851 725 1914 ei
740 1845 913 1915 simillimae
929 1848 1050 1929 insint,
1081 1847 1119 1914 id
1142 1847 1301 1914 exactiori
1320 1847 1527 1936 inqvisitioni
1548 1849 1665 1933 subjici
1685 1871 1798 1912 mere-

334 1965 404 2029 tur,
426 1949 566 2042 ideoqve
580 1952 623 2019 ab
636 1952 799 2019 industrii
812 1954 1125 2034 nostratium,'cum
1149 1953 1275 2042 species
1296 1966 1476 2014 memorata
1498 1947 1541 2012 ad
1562 1949 1674 2015 littora
1700 1952 1797 2014 Cim·

333 2052 418 2120 briae
432 2055 650 2125 occidentalia
665 2059 799 2149 copiose
813 2056 999 2136 invenitur,
1021 2053 1225 2143 sperandum
1242 2067 1307 2127 est,
1333 2049 1417 2128 fore,
1439 2066 1477 2113 nt
1492 2049 1641 2119 indolem
1656 2053 1725 2135 ejus
1737 2052 1798 2118 di·

333 2155 488 2243 ligantias
503 2161 667 2251 inspicere
684 2161 866 2250 suscipiant
888 2174 921 2220 et
936 2156 1112 2245 explorare
1127 2152 1319 2234 dignentur.

277 2366 315 2437 2:
359 2355 413 2441 A.
430 2355 671 2452 flavescens,
700 2354 833 2429 fronde
858 2348 1185 2441 subteretiuscuia,
1215 2347 1448 2443 subramosa;
1480 2352 1592 2424 ramis
1617 2351 1798 2448 brevibus,
1857 2372 1861 2380 '

206 2490 356 2563 obtusis.

340 2621 419 2674 Ulva
430 2621 602 2691 flavescens
621 2618 712 2673 Huds.
730 2636 760 2688 p·
781 2629 842 2685 57⁰·
863 2643 899 2659 -
914 2616 1008 2671 With.
1026 2625 1053 2686 4,
1071 2638 1099 2690 p.
1125 2635 1182 2674 rar.
1200 2645 1237 2662 -·
1254 2618 1293 2674 al.
1314 2615 1380 2671 dan.
1407 2615 1482 2670 Tab.
1501 2624 1576 2689 ¹²44·

203 2722 361 2796 Habitat
376 2726 424 2795 ad
439 2726 541 2795 littus
559 2727 668 2794 maris
684 2722 893 2795 Germanici
911 2747 1027 2818 prope
1039 2725 1196 2797 Thisted
1213 2727 1403 2817 Cimbriee,
1431 2722 1475 2795 V
1467 2722 1545 2795 abl.

251 2852 377 2921 DESC.
423 2854 455 2920 A
470 2853 578 2942 priori
597 2851 708 2918 differt
722 2850 843 2918 fronde
857 2854 1001 2935 minori,
1026 2856 1252 2937 teretiuscula‚
1278 2880 1350 2948 qvae
1367 2873 1476 2922 nmen
1496 2860 1591 2922 'nunc
1614 2879 1805 2949 compressa

339 2975 374 3024 et
395 2956 547 3035 dilatata,
579 2980 667 3022 nunc
689 2957 837 3040 margine
859 2950 1142 3025 sinuato-dentata
1164 2978 1318 3052 apparet,
1342 2961 1553 3046 subramosa3
1573 2964 1673 3029 ramis
1700 2963 1804 3030 obtu-

342 3053 504 3142 sinseulis,
530 3059 643 3129 colore
658 3062 845 3129 flavescenti
861 3059 914 3127 vel
930 3060 1237 3132 lusco-virescente.
1284 3066 1414 3137 Forsan
1430 3068 1545 3152 moda,
1571 3092 1643 3162 qvae
1660 3084 1709 3136 est
1722 3093 1803 3136 sen-

341 3169 444 3236 tentia
462 3167 641 3236 Hudaonts
658 3184 691 3234 et
711 3164 753 3234 V
747 3166 836 3233 attis·
839 3215 852 3246 ,
876 3168 1014 3235 varietas
1028 3169 1256 3263 praecedentis.

812 3393 1161 3419 *⁸⁸*—

601 3587 804 3678 xavru.
872 3589 1395 3708 paruarum

451 3778 545 3837 Massa
563 3780 731 3854 galatinosa,
759 3785 936 3860 subhyalina,
963 3788 1086 3863 granulis
1105 3789 1251 3855 solitariis,
1277 3788 1416 3864 globosis,
1445 3790 1542 3848 fastu.

517 3963 536 4005 *
578 3984 676 4053 aqvoe
698 3963 822 4034 dulcis.

284 4127 319 4195 1.
368 4115 415 4188 P.
440 4113 669 4209 Myasnrus3
693 4122 825 4195 fronde
856 4123 1040 4222 elongata,
1063 4127 1278 4222 majuscula,
1302 4128 1552 4221 cylindraeee,
1575 4125 1706 4219 solida,
1730 4148 1794 4200 ra·
1819 4126 1855 4200 T
1868 4126 1930 4201 ab.
1953 4129 2005 4214 63

82 4290 108 4346 s,
205 4270 326 4341 mosa;
362 4255 472 4323 ramis
493 4254 705 4325 tenuissime
724 4259 936 4356 ramulosis;
971 4264 1130 4359 granulis
1153 4267 1256 4364 intra
1272 4265 1511 4335 substantiam
1538 4265 1798 4357 minutissimis,

208 4382 385 4470 globosis,
419 4386 603 4459 viridibus.

344 4543 487 4600 Tremelio
504 4516 658 4625 Myosurus
676 4551 713 4606 tl.
737 4550 801 4609 dan.
830 4557 902 4612 Tab.
924 4559 999 4631 1604.

343 4649 630 4725 Batrachospstmum
647 4662 799 4734 Myosurus
821 4667 984 4724 Ducluzaau
1002 4672 1081 4726 Essai
1101 4692 1128 4745 p.
1148 4671 1191 4743 76.

489 4788 525 4805 ··
648 4771 771 4842 Myums
786 4775 914 4834 Dacand.
946 4779 973 4831 ss.
995 4781 1028 4834 fr.
1047 4799 1073 4846 2,
1094 4801 1119 4854 p.
1139 4795 1199 4855 591.
1219 4797 1248 4837 et
1268 4781 1331 4855 Syn.
1349 4800 1377 4857 p.
1399 4798 1440 4839 ra.

208 4918 481 4938 Μ

252 5023 283 5108 *)
330 5026 376 5087 Ex
389 5030 521 5111 παλμὸς,
545 5031 717 5107 vibratio,
742 5052 887 5128 ettamen·¹
905 5043 981 5107 hinc
1000 5064 1122 5112 nomen
1136 5051 1313 5118 Palmelloe
1327 5052 1515 5118 ad'modum
1534 5050 1707 5117 Tremelios
1721 5051 1793 5117 for-

340 5147 472 5197 matura.

1293 5259 1398 5349 (κ’)
