4812 6096
646 426 650 437 ’
682 472 855 553 suono
880 468 1053 547 suurn.
1103 470 1313 546 Nosrcc
1665 483 1740 559 201

206 690 359 764 Hastae
383 685 430 764 aa
453 692 571 784 rapam
592 642 802 786 sagam
823 698 861 760 ea
876 668 1099 776 'asnorum
1125 685 1186 756 aas
1209 686 1283 759 aas
1308 685 1472 781 copiosa,
1493 676 1649 758 Meter.
1674 724 1727 742 -
1749 686 1793 760 n

206 826 405 921 argillaceia
421 829 604 900 inundatis
619 847 735 920 prope
748 822 1021 917 Hofmanagare
1034 822 1185 893 Fioniae.

249 987 375 1058 DESC.
417 982 568 1058 lta-'sudes
587 988 750 1073 globosa,
778 1012 798 1052 a
814 986 947 1053 seminis
959 985 1127 1053 Cannabis
1140 983 1183 1052 ad
1196 985 1276 1054 Piri
1288 983 1565 1073 magnitudinem,
1594 983 1790 1079 plerumque

338 1113 533 1180 aggregata,
562 1092 695 1175 solidae,
726 1084 843 1159 duras
877 1089 950 1157 Fila
971 1090 1101 1158 interna
1123 1107 1160 1156 ut
1181 1091 1410 1183 praecedentis.
1466 1089 1568 1158 Color
1589 1092 1789 1159 atroviridia.

337 1199 523 1265 Substantia
538 1194 738 1279 duriuscule,
761 1193 950 1283 gelatiuosa.
992 1195 1174 1263 Autumno.
1214 1195 1367 1263 siccitate
1381 1212 1587 1280 corrugatur,
1612 1219 1673 1263 nee
1690 1195 1789 1262 char-

336 1316 375 1366 tae
393 1300 550 1368 adhaeret.

276 1543 311 1622 6.
363 1545 412 1615 Ν.
430 1498 667 1636 serrulam,
686 1541 820 1616 fronde
843 1542 1004 1631 minuta,
1029 1540 1195 1635 globosa,
1217 1539 1396 1632 solitaria,
1418 1541 1554 1633 solida,
1578 1542 1678 1634 lueri,
1702 1565 1790 1615 eoe-
1815 1538 1905 1614 Teb.
1925 1542 1989 1625 ὁδε

202 1673 324 1768 malea,
348 1680 596 1783 subpellueida
603 1707 614 1774 3
639 1679 875 1751 filia‘intemia
891 1673 1132 1770 simplicibus,
1156 1679 1333 1766 ematis,
1360 1674 1674 1748 moniliformibus.

210 1917 212 1921 ,
248 1843 404 1918 Habitat
417 1839 662 1941 pulcherrima
674 1846 755 1917 haee
769 1847 907 1942 species
923 1848 963 1917 in
977 1843 1084 1916 fossis
1096 1844 1245 1917 turfcsis
1261 1848 1308 1918 ad
1325 1844 1659 1939 Viintappcrgaard
1675 1830 1791 1938 prope

198 1977 391 2072 Hafniam,
416 1984 569 2054 surculis
585 1984 714 2078 Hypni
729 1984 909 2076 cuspidati
923 1981 1147 2071 aliorumqve
1168 1982 1208 2048 in
1231 2003 1323 2071 aqra
1347 1978 1601 2048 fluctuantium
1624 1977 1793 2047 adhaere-

198 2134 311 2185 seens.
335 2151 388 2170 -
408 2115 450 2187 ln
464 2115 613 2190 turfosis
631 2116 774 2189 sterant
792 2114 988 2203 Norregiee
1007 2106 1279 2195 Sommerfeldt
1292 2108 1391 2198 legit

226 2293 368 2362 *DESG
415 2296 567 2364 Frondes
588 2293 752 2380 globosae,
784 2315 803 2354 a
818 2287 935 2379 capitis
958 2284 1092 2353 acicula
1115 2284 1158 2352 ad
1180 2285 1313 2352 seminia
1329 2283 1498 2352 Cannabis
1517 2287 1786 2374 magnitudinem,
1825 2340 1829 2345 .

332 2398 456 2467 solidae.
503 2400 576 2468 Fila
596 2402 683 2466 intra
696 2394 912 2463 substantiam
928 2407 970 2458 ut*
984 2389 1261 2482 praecedentium,
1292 2388 1351 2455 aed
1363 2389 1464 2482 paulo
1482 2395 1630 2462 tenuiora
1652 2412 1685 2459 et
1706 2395 1786 2460 bre-

328 2505 432 2570 viora.
479 2503 582 2571 Color
595 2501 860 2593 pulcherrimus,
890 2495 1016 2588 pallide
1029 2493 1220 2577 coeruleus,
1254 2495 1373 2561 nitens.
1420 2495 1608 2564 Substantia
1625 2496 1788 2584 galathie-

329 2629 375 2685 aa,
398 2608 539 2669 maxime
555 2605 695 2681 lubrica,
718 2603 813 2667 dura.
864 2600 996 2665 Annua.
1043 2603 1186 2667 Aestate.
1232 2599 1363 2667 Chartae
1379 2618 1468 2668 arcte
1485 2601 1640 2685 adhaeret,
1662 2621 1787 2695 puncta

331 2706 483 2772 coerulea
497 2706 551 2774 vel
570 2707 752 2790 aeruginosa
769 2705 899 2771 sistens.

243 2852 336 2937 OBS.
385 2852 487 2921 Color
500 2853 668 2921 interdum
686 2857 721 2920 in
742 2852 892 2921 albidum
912 2855 1029 2942 vergit.
1051 2890 1094 2905 -
1115 2856 1224 2923 Massa
1245 2855 1441 2942 gelatinosa,
1467 2860 1502 2925 in
1522 2883 1584 2951 qva
1608 2857 1664 2925 fila
1686 2857 1789 2924 nido*

330 2957 458 3031 lantur,
482 2962 517 3025 in
533 2959 595 3025 hac
604 3005 615 3040 ,
638 2977 674 3024 ut
689 2960 787 3025 etiam
801 2962 837 3025 in
850 2956 921 3026 aliis
935 2960 1033 3043 hujus
1055 2963 1184 3045 generis
1200 2948 1371 3054 ape'eiebus
1387 2965 1560 3031 maceratis
1578 2960 1631 3032 vel
1652 2961 1791 3030 diffrac-

330 3066 388 3145 tis,
414 3064 475 3130 sub
488 3062 576 3131 lente
590 3067 725 3132 omnino
745 3062 912 3156 pellucida
928 3082 960 3130 et
974 3067 1188 3157 inconspicua
1203 3088 1359 3159 apparet,
1384 3072 1477 3138 adest
1500 3088 1624 3146 umen,
1654 3066 1710 3132 fila
1732 3068 1788 3132 in-

328 3169 435 3236 ricem
448 3171 642 3251 continena;
665 3193 742 3234 nam
748 3169 918 3256 Kolpodae
931 3186 964 3234 et
978 3168 1039 3234 alia
1054 3169 1249 3237 animalcula
1263 3174 1435 3257 infusoria,
1459 3199 1530 3268 qvae
1546 3176 1633 3242 circa
1647 3194 1788 3239 massam

330 3272 397 3341 huc
412 3272 492 3342 illuc
511 3273 597 3341 lorte
610 3290 786 3360 vagantur,
812 3271 867 3339 fila
887 3292 963 3341 ante
978 3294 1130 3356 movent,
1161 3300 1260 3370 qvem
1273 3304 1311 3346 ea
1327 3280 1514 3350 immediate
1534 3280 1709 3368 tetigerint.

267 3524 303 3592 7.
355 3523 510 3620 N‘Flos
534 3547 665 3611 aquae,-
686 3523 820 3590 fronde
841 3541 1009 3613 spumea,
1034 3515 1252 3612 gelatinosa,
1276 3521 1438 3613 lubrica,
1461 3522 1569 3596 facile
1586 3522 1787 3612 secedente,
1812 3534 1905 3608 Tab,
1923 3537 1985 3620 65,

201 3643 385 3738 coerulea3
411 3648 478 3718 filis
491 3652 642 3721 internis
657 3652 898 3745 simplicibus,
923 3657 1098 3738 effluatis,
1125 3653 1440 3729 mouiliformibus.

330 3810 745 3954 Bysavupitfflop'aepqffihinn.
770 3817 842 3889 Syat.
868 3834 924 3875 nat.
950 3840 982 3884 2,
1009 3841 1037 3895 p.
1062 3837 1123 3892 7²¹·
1152 3847 1189 3861 -··
1213 3817 1304 3876 Huda.
1323 3840 1351 3894 p.
1370 3822 1430 3891 604.
1450 3850 1484 3865 -
1501 3819 1603 3894 Lightf.
1623 3839 1651 3896 p.
1672 3837 1731 3895 999.
1749 3847 1785 3865 -

195 4021 349 4092 Habitat
363 4022 403 4092 iu
420 4026 553 4114 stagnis
572 4010 743 4098 Cimbrice
758 4006 875 4122 prope
884 4029 1073 4126 Silkeborg
1090 4032 1227 4104 et'alibi
1245 4037 1408 4127 copiose;
1425 4035 1525 4105 Prof.
1535 4037 1784 4108 Hornemann

195 4169 234 4228 et
247 4155 454 4259 Hofmann
471 4156 598 4248 Bang.
625 4193 674 4213 ·-
695 4160 753 4231 Ad
766 4163 1038 4262 Hofmansgave
1050 4168 1200 4260 Fioniae,
1222 4167 1424 4260 superficiei
1438 4193 1539 4264 aqree
1555 4172 1668 4245 dulcis
1682 4182 1783 4265 atag-

195 4290 318 4363 nantit'
330 4295 476 4405 copiose
491 4295 719 4363 innatantem
736 4298 869 4371 inueni.

242 4449 366 4518 DESC.
412 4457 521 4523 Frons
536 4459 764 4525 membranam
777 4460 830 4529 vel
845 4487 995 4555 spumam
1011 4465 1233 4552 gelatinosam,
1258 4465 1429 4546 lubricam,
1454 4481 1586 4557 captata
1602 4463 1781 4545 difficilem,

220 4590 222 4595 ·
328 4577 462 4623 amoene
477 4563 679 4645 caeruleam,
703 4591 794 4658 aqvae
809 4569 997 4659 superficiei
1012 4574 1212 4640 innatantem
1227 4573 1340 4638 refert.
1387 4571 1484 4636 Lenti
1499 4571 1639 4636 maxime
1648 4570 1783 4657 augenti

328 4657 472 4741 subjecta
485 4662 540 4725 fila
557 4671 806 4758 conspiciuntur
827 4671 1007 4766 simplicia,
1031 4695 1182 4758 curvata,
1212 4675 1436 4768 pulcherrime
1453 4674 1616 4758 flexuosa,
1648 4694 1680 4742 et
1692 4675 1782 4764 invi·

330 4782 401 4826 cem
422 4767 588 4878 pyrauda,
620 4775 867 4845 monililormia.
922 4780 1064 4847 Articuli
1088 4781 1249 4849 diametro
1273 4780 1431 4872 aeqrales,
1462 4780 1616 4848 nonnulli
1638 4782 1693 4846 hic
1712 4779 1783 4847 illic

329 4880 446 4930 ⁰⁸l⁶f¹³
460 4870 611 4949 maiores.
660 4877 763 4945 Color
782 4881 907 4973 pallide
920 4883 1102 4951 coeruleus.
1149 4887 1339 4954 Substantia
1354 4885 1541 4972 gelatinosa,
1566 4885 1705 4965 lubrica,
1729 4882 1782 4950 sa-

328 4964 450 5035 cilllme
464 4970 631 5040 secedens.
678 4980 807 5049 Annua.
855 4988 943 5054 Vere
960 5001 993 5050 et
1007 5005 1126 5053 aestate.
1182 4991 1312 5056 Chartae
1336 5008 1424 5055 arcte
1448 4990 1593 5055 adhaeret
1613 5006 1646 5055 et
1663 4989 1781 5057 siccata

318 5073 471 5144 maculas
492 5073 566 5143 laete
584 5079 751 5152 coeruleus
766 5085 818 5153 vel
836 5090 1033 5177 aerugiuoaas
1050 5090 1199 5177 exhibet,
1223 5094 1367 5160 siccitate
1380 5119 1450 5161 uon
1463 5111 1616 5162 mutatur.

1300 5247 1384 5332 (26)
