4728 6088
693 476 747 556 26
1138 470 1308 544 SECTIO
1331 469 1496 589 emta.
1550 406 1695 545 ULllA.

1234 600 1259 647 0

773 673 904 764 Egilti,
925 672 1155 763 'Scallagrs'ms'
1177 644 1276 757 filllsl
1284 679 1340 764 qvi
1363 675 1471 743 seculo
1492 678 1536 744 X.
1563 678 1681 744 vixisse
1703 674 1906 768 perhibetur.
1969 670 2101 741 Scilicet
2126 694 2202 738 cum

775 774 923 862 Egillus,
946 780 997 844 vir
1012 778 1045 842 in
1061 776 1201 843 lslandia
1215 795 1332 870 potens
1341 827 1351 861 ,
1377 779 1419 845 ob
1434 799 1574 846 mortem
1596 779 1655 845 filii
1670 774 1888 859 dilectissimi,
1915 778 2067 844 fluetibus
2082 777 2203 855 obruti,

772 900 1002 974 praematuram
1016 882 1106 963 gravi
1120 884 1248 948 tristitia
1264 883 1406 963 allectus,
1431 885 1538 949 inedia
1554 887 1654 950 vitam
1670 885 1731 949 sibi
1745 885 1839 950 finire
1852 885 2085 959 constituisset,
2111 878 2206 944 ideo-

776 1009 838 1075 qve
854 988 889 1050 in
906 983 1110 1066 cubiculum,
1134 985 1226 1053 nullo
1241 986 1400 1065 admisso,
1422 1010 1456 1050 se
1472 986 1671 1069 inclusisset,
1696 987 1762 1053 filia
1778 993 1845 1071 ejus
1862 986 2076 1051 amantissima
2091 981 2149 1050 Sb'l
2164 980 2207 1046 ad

776 1087 866 1153 littus
883 1086 1029 1171 collegit,
1045 1106 1077 1153 et
1088 1091 1190 1178 patris
1202 1093 1332 1173 januam
1347 1088 1498 1179 pulsans,
1520 1106 1556 1154 nt
1577 1115 1612 1155 se
1633 1093 1881 1170 intromitteret,
1906 1087 2031 1156 orando
2055 1087 2204 1152 instabat.

776 1193 920 1282 Compos
941 1191 1008 1256 voti
1026 1191 1109 1255 facta
1123 1190 1188 1257 alio
1210 1191 1295 1258 lecto
1315 1192 1509 1270 recubabat,
1534 1209 1567 1256 et
1585 1196 1689 1283 patria
1712 1196 1799 1281 genii
1821 1191 1935 1259 amula
1958 1189 2148 1268 simulabat,
2171 1182 2207 1251 se

776 1300 843 1379 ejas
859 1292 1008 1384 exemplo
1025 1294 1123 1358 vitam
1139 1295 1201 1358 sibi
1216 1312 1345 1386 qvoqve
1361 1296 1561 1362 consciscere
1578 1295 1677 1377 velle,
1703 1322 1807 1389 eoqve
1828 1299 1959 1363 nomine
1981 1293 2120 1367 multum
2133 1290 2207 1355 lau-

776 1397 964 1488 disapatre
982 1396 1181 1486 reportabat.
1229 1402 1317 1463 Tum
1343 1396 1488 1481 Egillus:
1513 1398 1604 1485 Qvid
1631 1403 1680 1464 rei
1698 1419 1764 1481 est,
1790 1401 1872 1480 lilia,
1895 1397 1984 1490 qvod
2006 1394 2206 1461 manducas?

776 1503 838 1568 Cui
852 1498 926 1565 illa:
946 1498 1003 1566 Sb'l
1019 1499 1158 1580 mande,
1183 1519 1216 1567 et
1237 1501 1359 1566 malum
1382 1502 1464 1566 mihi
1487 1502 1564 1567 inde
1586 1504 1697 1585 augeri
1720 1505 1873 1569 arbitror.
1916 1505 2004 1567 Tum
2026 1498 2099 1564 ille:
2121 1499 2208 1563 Num

777 1602 852 1697 Sol,
876 1605 999 1695 inqvit,
1024 1602 1150 1668 homini
1172 1607 1269 1670 noxia
1291 1606 1391 1670 sunt?
1415 1603 1499 1670 Filia
1523 1604 1663 1671 multum
1685 1612 1804 1672 nocere
1827 1606 1987 1669 affirmans
2014 1603 2145 1693 qvaerit,
2165 1623 2208 1664 an

775 1708 846 1799 ipse
861 1724 988 1792 gustare
1002 1705 1089 1772 velit.
1137 1711 1182 1774 At
1194 1707 1249 1773 ille
1264 1731 1381 1798 parum
1395 1706 1520 1773 referre
1536 1707 1669 1773 eredere
1690 1733 1724 1773 se
1744 1706 1925 1798 respondit.
1971 1706 2054 1772 Filia
2074 1727 2142 1770 non
2164 1704 2208 1766 ita

776 1810 879 1877 multo
900 1827 976 1902 post
994 1826 1110 1900 potum
1129 1813 1299 1901 poposcit,
1332 1813 1385 1877 cui
1407 1828 1438 1876 ct
1461 1811 1619 1902 poculum
1642 1812 1743 1900 aqva,
1767 1809 2051 1889 stimulabatur,
2074 1809 2208 1898 plenum

779 1917 934 1981 traditum
950 1932 1008 1981 est.
1054 1918 1141 1981 Tum
1159 1913 1303 1997 Egillus:
1320 1916 1423 1980 Esum
1440 1915 1536 1998 hujus
1552 1913 1631 1998 algae
1648 1914 1716 1978 sitis
1732 1913 1915 1977 comitatur.
1959 1917 2005 1979 At
2022 1911 2107 1985 filia:
2129 1911 2207 1978 Vis-

776 2042 819 2082 ne
842 2020 912 2107 ipse
932 2019 1071 2085 btberm
1097 2016 1227 2098 Egillus
1242 2035 1367 2095 autem,
1396 2016 1518 2106 poculo
1540 2034 1691 2107 accepto,
1713 2014 1851 2083 multum
1868 2014 1994 2095 bausit3
2024 2038 2089 2103 qvo
2110 2012 2207 2092 facto,

779 2119 846 2185 filia
861 2121 891 2183 ei
904 2120 1002 2183 dixit:
1028 2117 1161 2184 Seducti
1176 2141 1304 2199 sumus3
1329 2142 1404 2182 nam
1418 2143 1482 2209 pro
1500 2143 1582 2210 aqva
1598 2119 1648 2185 lae
1664 2121 1759 2185 nobis
1780 2119 1892 2184 datum
1909 2134 1967 2182 est.
2008 2116 2063 2181 sic
2087 2113 2206 2180 callido

777 2222 852 2288 filisa
867 2238 1090 2305 strategemate
1103 2238 1198 2311 pater
1218 2246 1237 2285 a
1251 2220 1337 2288 malo
1356 2247 1415 2288 suo
1438 2222 1601 2291 moriendi
1625 2221 1761 2289 consilio
1782 2239 1970 2300 revocatus,
1994 2243 2069 2285 curu
2088 2217 2207 2283 deinde

774 2324 875 2390 alium
889 2328 985 2390 etiam
1004 2326 1112 2390 cibum
1130 2346 1246 2415 capere
1261 2349 1329 2393 non
1342 2343 1529 2407 recusasset,
1547 2325 1671 2416 aliqvot
1685 2327 1777 2391 annis
1792 2328 1827 2390 in
1843 2327 1907 2392 via
1923 2324 2111 2415 permansit.
2155 2322 2208 2386 Ex

774 2426 837 2493 bae
852 2431 1040 2493 narratione
1055 2444 1154 2517 patet,
1180 2429 1264 2494 hanc
1280 2429 1385 2513 algam
1400 2431 1440 2495 ab
1456 2431 1678 2520 antiqvissim0
1697 2447 1846 2520 tempore
1858 2427 1996 2495 Islandis
2012 2427 2109 2519 fuisse
2124 2447 2206 2508 cog-

775 2532 887 2609 nitam,
905 2528 982 2594 licet
995 2530 1144 2594 nondum
1157 2550 1369 2621 usurpatam„
1402 2534 1468 2599 Sed
1491 2560 1529 2601 ex
1550 2535 1771 2623 antiqvissima
1792 2531 1998 2598 Islandorum
2023 2528 2111 2613 lege,
2128 2551 2206 2618 *qvae

776 2633 958 2719 Graagaas
982 2632 1117 2710 dicitur,
1151 2649 1183 2696 et
1205 2632 1246 2696 ab
1272 2633 1367 2705 initio
1389 2632 1489 2698 seculi
1509 2637 1583 2700 XII.
1607 2640 1792 2725 conscripta
1816 2636 1893 2714 suit,
1923 2636 1998 2699 satis
2024 2631 2207 2698 luculenter

776 2733 952 2810 evincitur,
975 2733 1112 2796 eandem
1129 2733 1253 2814 algam,
1277 2737 1551 2825 tanqvameibum
1566 2738 1675 2821 magni
1691 2740 1890 2815 aestimatum,
1915 2737 1955 2801 ab
1971 2761 2010 2800 eo
2026 2734 2104 2799 inde
2123 2750 2207 2798 tem·

645 2854 648 2861 ·
708 2850 712 2857 ·
764 2854 858 2933 *porc
879 2848 1069 2923 usurpatam
1091 2830 1207 2915 faisses
1231 2836 1393 2925 siqnidem
1413 2842 1481 2922 ejus
1513 2843 1632 2905 taxatio
1655 2843 1690 2904 in
1712 2864 1749 2903 ea
1770 2840 1841 2923 lege
1861 2858 1970 2906 exacte
1991 2840 2207 2906 constituitur.

774 2936 987 3027 Eandemqve
1002 2960 1148 3019 unacum„
1156 2936 1226 3003 aliis
1243 2938 1524 3030 Thalassiopbytis
1539 2943 1656 3009 seriori
1668 2945 1767 3008 etiam
1786 2960 1933 3033 tempore
1957 2960 2022 3027 tam
2046 2944 2081 3007 in
2100 2940 2206 3007 [slan-

775 3042 849 3123 dia,
872 3065 969 3132 qvam
983 3043 1018 3106 in
1030 3039 1143 3106 insulis
1159 3042 1382 3108 Faeroensibus
1397 3044 1537 3134 alibiqve
1550 3046 1738 3111 alimentum
1752 3046 1788 3110 in
1803 3046 2000 3110 cibariorum
2015 3045 2126 3133 inopia
2141 3042 2208 3110 ho·

776 3142 919 3213 minibus
934 3134 1024 3210 haud
1038 3142 1187 3234 ine'ptnm
1201 3161 1373 3235 praestare,
1395 3146 1469 3212 satis
1487 3164 1632 3228 constat3
1656 3148 1691 3213 in
1708 3152 1799 3230 cujus
1814 3148 1863 3211 rei
1878 3146 1977 3212 fidem
1991 3145 2175 3236 exemplam
2187 3170 2209 3209 a

720 3268 724 3279 ·
775 3244 949 3334 Bjimoae
961 3249 1069 3317 Parati
1081 3249 1222 3337 petitum
1232 3248 1352 3314 afferre
1363 3248 1489 3340 plaeet3
1519 3250 1601 3315 dicit
1618 3274 1736 3339 nempe
1756 3251 1808 3315 vir
1832 3248 1888 3314 ille
1912 3247 2080 3313 laudatus:
2105 3248 2206 3315 ”Sola

775 3353 835 3420 illa
850 3351 920 3438 alga
937 3353 1049 3434 (Ulca
1058 3354 1243 3439 palmata)=
1259 3368 1292 3416 et
1309 3351 1394 3419 alato
1416 3355 1556 3420 arboreo
1580 3350 1669 3420 eduli
1691 3354 1766 3419 suco
1786 3352 2008 3434 (Larnirmria
2020 3354 2207 3435 esculenta)

774 3456 1010 3549 pauperculam
1037 3454 1221 3522 mendicam
1253 3459 1374 3523 amocia
1402 3476 1629 3548 tempestatum
1653 3475 1797 3548 testuqva
1824 3457 2019 3521 mariscum
2044 3452 2208 3519 infantulo

775 3559 916 3623 lactente
937 3560 974 3617 in
993 3553 1103 3618 tinulo
1127 3556 1272 3641 qvodm
1293 3559 1438 3642 scopulis
1461 3579 1554 3644 septo
1580 3561 1787 3626 interclusam
1810 3561 1909 3623 trium
1928 3559 2211 3624 hebdomadarum

776 3660 883 3751 spatio
900 3656 1028 3736 erudis,
1052 3650 1089 3721 ut
1101 3656 1136 3720 in
1155 3653 1246 3720 littus
1259 3656 1488 3739 ejiciebantur,
1512 3682 1547 3722 se
1562 3675 1594 3722 et
1608 3660 1766 3724 infantem
1787 3678 1997 3740 sustentasse,
2022 3685 2039 3722 a
2062 3662 2133 3725 viro
2152 3682 2208 3724 se-

775 3765 871 3829 niore
887 3760 1079 3843 baccigno,
1104 3761 1160 3848 qvi
1174 3776 1312 3824 mamam
1327 3783 1402 3824 cum
1415 3762 1539 3828 infante
1551 3779 1665 3852 postea
1679 3762 1774 3840 vidis,
1794 3760 1932 3859 relatum
1948 3764 2089 3850 accepi.”
2131 3762 2207 3848 (esr.

643 3894 647 3907 ·
766 3864 847 3949 ejas
858 3865 1032 3953 Speeimeu
1048 3864 1313 3927 observationum
1327 3865 1414 3927 cirea
1428 3863 1530 3950 plant.
1547 3886 1628 3927 mar.
1643 3862 1764 3927 leland.
1788 3882 1821 3928 et
1840 3865 2011 3951 speciatim
2028 3860 2117 3948 Algae
2131 3888 2207 3931 sac—

775 3966 943 4034 chariferae
958 3965 1118 4044 originem
1132 3979 1240 4049 partes
1253 3980 1286 4026 et
1300 3986 1376 4026 usus
1390 3963 1488 4026 Hasn.
1504 3968 1596 4038 1749.
1618 3988 1652 4052 p·
1666 3976 1719 4035 21·
1734 3980 1766 4027 et
1781 3964 1849 4044 26.)

687 4112 690 4117 >
720 4178 755 4248 2.
815 4156 857 4230 U.
880 4108 1019 4247 edulia,
1058 4130 1188 4230 fronde
1209 4156 1443 4248 euneiformi,
1483 4158 1731 4252 integerrima,
1763 4162 1864 4255 apice
1880 4142 2093 4253 rotundatas,
2120 4160 2202 4236 basi
2262 4220 2268 4225 .

575 4384 578 4393 ¹
645 4290 848 4387 attenudts3
870 4292 1064 4366 seminibus
1077 4293 1209 4385 ubiqve
1224 4314 1291 4382 per
1307 4291 1474 4363 frondem
1488 4296 1632 4384 sparsis.
1745 4350 1749 4359 .
2006 4273 2009 4279 ¹

705 4460 708 4471 ·
779 4436 857 4489 Uisa
873 4432 966 4487 adulte
982 4430 1106 4487 Decand.
1126 4431 1153 4487 ll.
1173 4430 1204 4486 fs.
1222 4448 1250 4495 a,
1266 4450 1296 4502 p.
1321 4448 1360 4485 rs.

648 4554 663 4563 “’
777 4524 973 4603 Tarusatium
986 4546 1057 4599 'Nea
1074 4543 1150 4599 britt
1168 4545 1202 4598 T.
1226 4558 1265 4598 ts.
1282 4572 1318 4587 ι·-
1333 4543 1410 4615 Engl.
1434 4542 1490 4600 bot.
1510 4546 1546 4600 T.
1572 4558 1646 4616 1307.
1666 4570 1701 4587 -·
1717 4543 1804 4599 Tum
1823 4542 1887 4615 Sys.
1905 4564 1932 4618 p.
1954 4557 2010 4613 180.
2027 4561 2058 4603 st
2074 4547 2144 4606 Hist.
2164 4550 2202 4607 T.

752 4656 756 4667 .
841 4632 898 4685 ¹¹4
914 4642 950 4657 -
967 4614 1059 4671 Witlt.
1078 4612 1151 4667 briss
1169 4630 1196 4684 4,
1215 4631 1242 4685 p.
1260 4631 1319 4667 sor.

791 4751 828 4770 .-
861 4722 953 4777 dalsts
971 4723 1061 4778 Gmsl.
1079 4742 1108 4794 p.
1128 4735 1185 4792 189.
1203 4723 1237 4779 T.
1258 4721 1299 4781 26.
1415 4734 1419 4742 ’

765 4812 768 4819 ’
790 4854 827 4877 ι·
859 4832 987 4884 Laetus·
1005 4829 1098 4902 Esper.
1117 4831 1152 4885 Τ.
1171 4830 1215 4902 64

721 4932 725 4945 ¹
790 4962 827 4981 ⁶-
857 4955 995 4992 ssmessss
1009 4938 1102 5010 Ilsper.
1122 4938 1157 4995 T.
1175 4938 1218 5008 76.
1323 4942 1349 4975 .·

790 5074 829 5092 ···
859 5049 1007 5119 palmam
1024 5047 1052 5109 β.
1068 5042 1217 5122 ιίςὶιίζιρ.
1233 5060 1295 5122 934
