4728 6088
653 412 704 486 24
933 397 1106 472 SEOTIO
1130 395 1300 470 PRIMA.
1347 391 1627 471 LAMINARIA
1651 394 1690 475 dt
1711 395 1861 475 ULva'·

734 608 801 675 lem
823 576 1039 692 longitudine.
1086 608 1227 674 Fructus
1243 606 1375 675 Semina
1387 608 1523 692 exigua,
1554 608 1666 698 pinnis
1685 612 1849 677 immersa.
1897 606 2000 678 Color
2020 609 2189 681 olivaceo-

736 711 871 794 viridis,
895 711 1099 804 diaphanus3
1124 710 1227 780 eoctae'
1242 718 1346 800 (costa
1362 716 1451 779 enim
1467 711 1664 794 comeditur)
1681 713 1808 781 viridis.
1858 714 2048 784 Substantia
2066 718 2189 810 stipitis
2298 716 2307 727 “

736 817 962 903 cartilaginea,
987 817 1059 885 folii
1075 820 1344 899 membranacea,
1367 821 1554 885 tenerrima.
1600 820 1770 886 Perennis.

2114 944 2119 979 l

678 1019 711 1097 fs
764 1016 811 1090 L·
826 982 1021 1113 Agdrum5
1049 1024 1171 1115 stipite
1186 1030 1316 1113 terete,
1342 1041 1503 1112 expanso
1521 1022 1561 1092 in
1577 990 1706 1092 folium
1722 1024 1888 1113 unicum,
1917 1022 2193 1116 elliptico-subss

601 1153 807 1243 rotundum,
826 1152 1065 1228 foraminibus
1075 1168 1283 1252 pertruum3
1309 1156 1510 1226 seminibus
1527 1158 1632 1226 nudis
1645 1159 1685 1228 in
1697 1158 1857 1230 maculas
1869 1181 1938 1253 per
1952 1169 2069 1231 totam
2084 1158 2194 1243 iron-⁸
2260 1186 2263 1193 ·

601 1289 684 1358 dem
700 1310 842 1381 sparsas
866 1293 1056 1384 dispositis.
1427 1302 1429 1305 ’

733 1431 908 1488 antnarr'a
926 1394 1060 1506 Agaron
1076 1436 1155 1489 Lam.
1172 1434 1301 1490 Thaleta.
1319 1452 1347 1507 p.
1367 1448 1410 1487 at.
1429 1459 1465 1473 -
1482 1430 1530 1503 ag.
1550 1429 1615 1502 Syn.
1635 1448 1664 1503 p.
1684 1448 1726 1500 ¹7·

713 1548 823 1631 'rusus
839 1549 970 1618 Agarum
990 1548 1080 1603 Grnel.
1098 1567 1126 1622 p.
1148 1567 1207 1604 210.
1226 1551 1261 1604 Τ.
1283 1560 1325 1615 32.
1346 1573 1381 1590 -
1398 1546 1489 1601 Turn.
1510 1542 1582 1600 Hitt.
1601 1544 1637 1600 T.
1657 1555 1701 1617 75.
1719 1569 1754 1587 ·-
1771 1543 1811 1597 tt.
1831 1542 1858 1597 d.
1880 1544 1918 1601 T.
1943 1552 2018 1615 ¹54²·

768 1685 804 1701 ·-
847 1661 983 1716 Clarium
1000 1662 1067 1737 Etp.
1085 1665 1122 1721 T.
1144 1674 1203 1728 tao.

604 1774 759 1849 asarta
771 1781 810 1849 a
826 1780 1106 1854 saansaan.
1124 1754 1402 1870 casertanus,
1430 1777 1528 1847 unas
1543 1773 1619 1849 cet.
1639 1773 1901 1847 Warmsasoza
1920 1778 2028 1869 para
2048 1787 2086 1849 a
2105 1780 2198 1873 qva-2,

603 1911 686 1978 dem
699 1912 852 2015 pulchra
866 1920 1065 2007 specimina
1078 1920 1292 2011 apportavit.
1378 1986 1382 1995 .

645 2048 771 2116 DESC.
819 2052 1078 2132 Radixllibrosa,
1103 2054 1196 2118 libris
1210 2053 1381 2144 plurimis,
1404 2053 1560 2131 ramosis,
1578 2050 1730 2141 ¹ineurvis
1746 2050 1917 2115 instructa.
1966 2048 2074 2138 Stipes
2091 2068 2187 2130 teres,

731 2153 890 2245 pollicem
904 2156 947 2222 ad
964 2156 1086 2249 pedem
1098 2156 1234 2242 longus,
1259 2178 1378 2247 pennae
1394 2157 1572 2247 passorinae
1590 2172 1623 2219 et
1635 2151 1725 2219 hand
1738 2177 1816 2227 raro
1834 2153 1927 2237 digiti
1942 2154 2079 2218 humani
2096 2177 2189 2218 cras-

730 2261 823 2341 sitie,
849 2262 936 2328 intus
951 2263 1121 2328 interdtun
1135 2287 1253 2345 cavus,
1275 2260 1418 2328 mediam
1433 2259 1590 2326 frondem
1603 2275 1700 2325 eostae
1716 2260 1820 2324 instar
1834 2282 2044 2349 percurrens,
2067 2282 2188 2324 nervos

729 2363 839 2431 nullos
853 2365 1001 2434 laterales
1018 2370 1179 2435 emittens.
1226 2367 1527 2445 Folium'unicum,
1552 2363 1702 2455 simplex,
1727 2361 1920 2445 oblongum,
1945 2362 2069 2453 pedem
2086 2386 2190 2428 unum

734 2466 913 2535 alterumve
926 2470 1064 2554 longum
1078 2491 1111 2537 et
1126 2472 1309 2537 latitudinis
1325 2470 1425 2561 paulo
1439 2472 1587 2550 minoris,
1612 2470 1735 2561 ubique
1757 2485 1912 2558 tanqvam
1932 2468 2080 2533 cribrum
2096 2466 2190 2534 fora-

732 2573 877 2640 minibus
893 2576 1018 2641 crebris
1035 2593 1227 2666 pertusum3
1259 2572 1421 2639 foramina
1443 2585 1465 2642 2
1485 2572 1538 2635 vel
1562 2586 1583 2642 3
1607 2572 1709 2636 lineas
1730 2574 1860 2638 circiter
1885 2574 1921 2638 in
1941 2573 2103 2638 diametro
2124 2570 2190 2635 ba-

732 2675 859 2753 bentia,
883 2678 1081 2741 orbicularia
1096 2696 1129 2741 et
1142 2701 1229 2766 saepe
1245 2674 1409 2759 angulata.
1455 2676 1573 2758 Margo
1588 2698 1606 2737 a
1626 2673 1784 2739 Gmelino
1812 2675 1963 2763 dentatus
1979 2675 2190 2755 describitur,

733 2793 783 2840 est
809 2795 935 2857 autem,
971 2780 999 2843 si
1026 2779 1119 2845 frons
1148 2778 1250 2843 illaesa
1275 2780 1511 2869 permanserit,
1550 2779 1686 2844 omnino
1717 2778 1966 2861 integerrimus,
2001 2777 2191 2845 undulatos.

732 2881 875 2946 Fructus
888 2883 1021 2948 Semina
1035 2885 1170 2968 exigua,
1194 2882 1412 2959 subrutunda,
1438 2880 1541 2961 fusca,
1558 2883 1594 2945 in
1608 2879 1751 2945 massulas
1768 2881 1947 2970 sphaericus
1962 2901 2116 2968 congesta
2130 2906 2192 2972 per

732 3004 837 3055 totam
852 2985 1007 3053 frondem
1021 2972 1144 3080 ubiq've
1161 3011 1300 3078 sparsas.
1349 2983 1452 3051 Color
1469 2983 1805 3065 flavescenti-fuscus,
1832 2987 1999 3050 exsiccatas
2014 2987 2191 3070 nigricans.

732 3092 922 3159 Substantia
935 3093 1055 3184 stipitis
1077 3092 1225 3176 lignosa,
1252 3091 1325 3158 folii
1348 3090 1780 3156 membranaceo-coriacea.
1828 3091 1998 3156 Perennis.

601 3225 609 3239 '
644 3219 739 3314 OBS.
786 3220 895 3285 Frons
909 3218 1078 3310 perforata
1099 3219 1178 3285 huie
1193 3218 1314 3309 speciei
1331 3214 1509 3282 essentialis
1524 3233 1622 3298 nota3
1646 3238 1776 3305 semper
1800 3217 1909 3294 enim,
1933 3218 2014 3305 qvin
2040 3218 2137 3281 etiam
2155 3218 2191 3282 in

732 3327 840 3417 prima
853 3323 973 3416 plantae
989 3324 1145 3399 infantia,
1170 3322 1290 3389 adsunt
1318 3321 1499 3399 foramina,
1525 3320 1615 3386 unde
1637 3336 1745 3410 patet,
1768 3342 1806 3382 ea
1833 3343 1851 3383 e
1877 3342 1955 3384 casu
1978 3316 2089 3407 aliqvo
2117 3319 2192 3383 for-

734 3432 817 3497 tuito
834 3454 902 3495 non
923 3432 1022 3508 oriri,
1046 3429 1107 3495 sed
1123 3452 1239 3494 revera
1256 3451 1295 3493 er
1313 3428 1386 3517 ipsa
1401 3426 1514 3517 stirpis
1537 3424 1651 3492 indole
1667 3422 1825 3516 pendere.
1882 3421 2008 3489 Similia
2027 3421 2192 3488 foramina

731 3536 768 3598 in
783 3533 903 3597 fronde
924 3533 1022 3593 Ulvoe
1037 3526 1228 3591 reticulatus
1243 3530 1362 3587 For-ah.
1383 3554 1401 3586 e
1424 3531 1509 3587 mari
1526 3529 1630 3593 rubro
1648 3528 1770 3607 allate,
1793 3528 2031 3608 observantur3
2056 3544 2089 3589 et
2104 3527 2192 3588 inter

732 3634 863 3729 plantas
879 3636 1141 3725 phanerogamas
1166 3644 1271 3694 exstat
1291 3626 1523 3692 Dracontium
1538 3637 1722 3715 pertinum
1745 3628 1833 3692 foliis
1856 3629 1975 3691 eodem
1998 3630 2067 3695 fere
2088 3626 2191 3695 modo

732 3738 923 3832 perforatis.
970 3737 1109 3802 Cuinam
1131 3757 1210 3801 vero
1227 3733 1315 3799 tinia
1332 3748 1449 3798 natura
1462 3749 1653 3822 comparata
1675 3731 1759 3810 sint,
1782 3730 1818 3797 id
1832 3730 1976 3815 ‚enoris
1990 3749 2040 3797 est
2057 3732 2192 3817 indagi-

735 3844 799 3925 nis,
826 3860 858 3910 et
873 3841 1007 3933 quidem
1021 3841 1113 3908 dictu
1127 3835 1369 3905 difficillimum.
1825 3832 1828 3838 ’

1221 4086 1544 4114 -.ψ-μ...

1128 4331 1247 4431 vtu.
1334 4310 1664 4428 ouva.

774 4517 861 4569 Frons
880 4512 978 4587 plana.
1006 4517 1143 4586 expansu]
1187 4507 1301 4565 Semina
1319 4505 1414 4570 nuda,
1441 4508 1600 4565 substantio
1617 4503 1722 4559 frondis
1740 4501 1789 4557 bic
1806 4499 1863 4556 illic
1881 4499 2018 4559 immartt.

685 4674 717 4743 1.
782 4659 823 4729 U.
834 4658 1031 4754 palmata5
1057 4654 1188 4726 fronde
1201 4652 1376 4745 palmata,
1402 4654 1652 4747 integerrima,
1678 4649 1874 4743 segmentis
1890 4640 2071 4746 oblongis,
2097 4650 2192 4724 sim-1

607 4788 844 4897 pliaiutoulis5
869 4791 1065 4862 seminibus
1078 4791 1184 4862 nudis
1199 4797 1400 4880 pertatem
1417 4786 1585 4860 fiondem
1598 4785 1741 4877 sparsis.

689 4988 693 4995 -
718 4986 723 4995 ·
743 4950 821 5003 Utve
835 4950 971 5023 palmata
989 4951 1058 5004 Dec.
1079 4940 1158 5002 fljfr.
1176 4965 1202 5007 2,
1222 4964 1249 5019 p.
1270 4962 1310 5000 ta.
1330 4972 1366 4989 -
1382 4945 1473 5005 With·
1491 4954 1517 5014 4,
1539 4963 1568 5016 p.
1591 4955 1665 5043 ιη,

670 5099 676 5105 -
739 5052 919 5127 &batsala
935 5052 1070 5127 palmate
1096 5053 1144 5125 Ag.
1164 5050 1227 5122 Syn.
1247 5066 1275 5121 p.
1297 5062 1339 5122 55.
