4772 6106
1022 454 1025 462 ’
1077 505 1248 580 suerro
1276 501 1511 579 securos
1562 505 1782 581 moena

780 712 940 779 Ceramia
959 734 1017 777 sua
1039 710 1244 797 collocandi3
1277 713 1352 802 (eir.
1368 715 1439 780 Cat.
1453 715 1524 782 bot.
1543 726 1572 796 1,
1587 740 1623 806 p.
1639 714 1725 801 147.)
1747 716 1834 780 bane
1854 715 2220 803 vero'exerescentiam,

693 890 696 895 ,
779 841 851 910 qvae
867 818 954 884 intus
971 819 1106 885 omnino
1122 843 1223 885 vacua
1237 835 1296 899 est,
1321 836 1353 883 et
1367 817 1468 886 modo
1486 818 1615 887 frondis
1628 819 1702 886 late
1718 823 1892 888 crescentis
1906 822 2127 913 prolongatio,
2143 850 2224 916 eap-

779 921 884 987 sulam
899 923 1086 1003 nominare,
1109 926 1217 989 minus
1232 922 1507 1013 aptumvidetur3
1530 942 1579 990 est
1602 925 1692 1004 brec,
1715 948 1814 1015 qvam
1835 944 1972 1008 vocant,
2006 927 2139 1020 capsula
2163 931 2226 994 tri-

779 1026 931 1117 pollicari
956 1027 999 1092 ad
1019 1026 1244 1118 spithamaam
1267 1024 1492 1111 longitudine,
1525 1027 1619 1112 digiti
1640 1031 1802 1111 crassitie,
1831 1033 1924 1122 apice
1944 1057 2032 1099 nunc
2051 1030 2227 1099 rotundatu

779 1155 868 1196 nunc
883 1132 1083 1213 acuminata,
1110 1132 1197 1198 intus
1212 1156 1301 1211 cava,
1325 1155 1387 1196 nec
1402 1129 1469 1195 ulla
1485 1132 1521 1196 in
1535 1156 1572 1196 ea
1586 1131 1813 1216 geniculorum
1825 1133 1945 1201 adsunt
1957 1138 2101 1220 vestigia.
2124 1169 2166 1184 -
2186 1138 2227 1201 ln

779 1236 859 1304 var.
874 1264 909 1319 y.
925 1239 1048 1302 semina
1066 1236 1213 1323 ejusdcm
1227 1233 1462 1321 magnitudinis
1480 1252 1511 1300 ct
1526 1235 1658 1318 sormae,
1683 1260 1720 1303 ac
1734 1239 1770 1303 in
1781 1267 1822 1321 a,
1847 1237 2023 1330 aliquando
2042 1241 2227 1309 observavi.
2274 1262 2277 1268 ·

451 1433 625 1512 '1⁸ab.18.¹
682 1391 686 1400 Ι
730 1441 766 1512 2.
818 1431 882 1504 Cb.
898 1433 1145 1504 Lomentaria
1151 1458 1166 1523 ,·
1191 1433 1321 1511 fronde
1333 1444 1459 1524 terete,
1483 1432 1755 1527 simplicissima,
1779 1437 1947 1528 breviori,
1970 1417 2049 1508 basi
2059 1446 2229 1509 auenne-

648 1575 703 1657 ta,
728 1567 990 1658 dissepimentis
1005 1570 1271 1662 angustioribus
1283 1572 1492 1660 intersepta.

703 1734 858 1806 Habitat
870 1739 909 1807 in
924 1737 1049 1808 infimo
1063 1737 1222 1809 refluxus
1238 1738 1353 1810 limite
1369 1739 1416 1806 ad
1429 1736 1554 1808 littora
1565 1736 1790 1828 Foeroensia,
1815 1751 1858 1811 ut
1872 1743 1920 1812 ad
1934 1740 2083 1834 Quivig,
2104 1738 2235 1829 'copio-

649 1893 699 1940 se.
724 1908 777 1924 -
799 1868 857 1941 Ad
868 1869 1140 1943 Hammerhuus
1154 1870 1400 1942 Bornholmiae
1408 1896 1419 1963 3
1443 1867 1542 1940 Prof.
1552 1869 1814 1939 Homemann.

697 2020 824 2100 DESC.
870 2033 976 2100 Radix
989 2037 1122 2116 exigna.
1146 2035 1286 2121 rupibus
1302 2035 1406 2098 affixa.
1448 2030 1599 2098 Frondcs
1613 2034 1754 2098 maxime
1770 2049 1966 2117 aggregatae,
1990 2049 2126 2111 teretes,
2151 2029 2237 2095 sim·

783 2135 910 2226 pliees,
936 2137 990 2202 vix
1004 2135 1148 2224 palmam
1162 2132 1368 2218 longitudine
1390 2151 1600 2226 superantes,
1623 2136 1693 2201 basi
1715 2154 1909 2219 augustata,
1933 2151 2035 2201 setam
2061 2133 2239 2224 porcinam

783 2264 917 2321 crassae,
948 2238 1068 2304 deinde
1090 2241 1127 2304 in
1145 2262 1263 2330 pennae
1292 2241 1450 2306 anserinae
1472 2239 1652 2305 crassitiem
1672 2241 1942 2319 intumescentes,
1984 2240 2076 2330 apice
2097 2236 2239 2314 obtusae,

782 2326 954 2435 pendulae,
978 2343 1236 2437 dissepimentis,
1262 2368 1333 2435 qvae
1348 2342 1504 2411 frondem
1518 2343 1573 2411 hic
1588 2341 1657 2411 illic
1672 2347 1894 2430 augustiorem
1906 2342 2068 2422 reddunt,
2092 2337 2241 2410 manife-

784 2449 841 2511 stis
863 2450 1068 2539 interseptae3
1090 2450 1233 2538 spatium
1256 2450 1343 2513 inter
1363 2450 1602 2541 Dissepimenta
1626 2451 1706 2516 duas
1728 2450 1830 2516 lineas
1856 2451 1899 2515 ad
1924 2469 2064 2531 unguem
2086 2444 2240 2527 longum.

785 2551 927 2616 Fructus
950 2551 1082 2617 Semina
1106 2552 1213 2630 nuda,
1237 2551 1473 2631 minutissima,
1498 2554 1702 2635 subclavata,
1726 2555 1980 2635 monilisormia,
2005 2549 2118 2619 frondi
2141 2564 2242 2613 exte-

785 2656 869 2720 riori
881 2655 1068 2723 iusidentia.
1118 2653 1221 2721 Color
1237 2672 1270 2719 et
1281 2653 1468 2720 Substantia
1484 2671 1520 2720 ut
1535 2656 1763 2745 precedentis.

456 2852 548 2945 Tib.
569 2864 626 2945 19.
726 2862 761 2931 3.
815 2846 877 2917 Cb.
895 2860 1124 2959 tomentacia,
1148 2848 1280 2930 fronde
1297 2863 1432 2939 terete,
1458 2851 1741 2944 simplicissima,
1764 2856 1973 2945 basianda,
2002 2863 2166 2923 ceterum
2182 2860 2248 2920 to-

653 2992 778 3056 mento
792 2979 933 3050 lubrico
947 2983 1138 3073 insiguiter
1157 2981 1351 3053 manifesto
1370 2983 1527 3076 undique
1543 2987 1755 3057 densissimo
1770 2987 1927 3057 obsessa.

706 3150 861 3221 Habitat
877 3151 923 3220 ad
936 3172 1045 3241 rupes
1063 3147 1262 3217 maritimas
1286 3147 1478 3240 Norvegiae
1500 3173 1615 3241 prope
1636 3143 1928 3226 (ister-Riisiier
1948 3156 2110 3245 copiose,
2132 3150 2251 3245 patulo

653 3282 994 3375 infrasuperfieiem
1010 3284 1121 3353 maris
1129 3306 1140 3375 3
1167 3283 1277 3351 etiam
1291 3291 1376 3353 ante
1392 3285 1525 3354 ostium
1539 3287 1639 3355 sinus
1655 3284 1831 3356 Oxefiord
1845 3282 1881 3355 N
1883 3288 2045 3377 orvegise.

700 3462 827 3533 DESC.
867 3462 973 3527 Radix
989 3484 1103 3550 parva,
1123 3461 1333 3527 scutiformis.
1381 3461 1532 3529 Frondcs
1548 3489 1588 3528 ex
1604 3489 1669 3530 una
1683 3467 1753 3533 basi
1768 3445 1931 3556 plurima,
1956 3462 2041 3527 infra
2056 3460 2253 3543 filiformes,

789 3579 982 3647 angustata,
1008 3559 1128 3625 deinde
1143 3583 1288 3650 pennam
1308 3567 1512 3650 passerinam
1534 3569 1679 3629 crassitie
1703 3587 1883 3654 aequantes,
1906 3570 2033 3655 apicem
2054 3590 2176 3631 versus
2201 3582 2258 3629 te-

789 3667 941 3743 nuiores,
972 3666 1009 3729 in
1035 3687 1119 3757 aqva
1139 3682 1272 3747 ereetae,
1303 3664 1457 3755 pedalem
1477 3662 1530 3729 vel
1555 3662 1656 3754 paulo
1680 3664 1768 3729 ultra
1784 3670 1976 3747 attingentes
1988 3666 2257 3751 longitudinem,

770 3770 1057 3861 simplicissimae,
1082 3767 1259 3846 tubulosac,
1285 3770 1327 3835 ad
1343 3767 1551 3836 altitudinem
1562 3767 1695 3858 pollicis
1719 3794 1819 3860 supra
1837 3772 1932 3835 basin
1953 3795 2084 3860 semper
2109 3774 2257 3840 omnino

790 3874 906 3952 nudae,
930 3872 1049 3938 deinde
1063 3889 1210 3939 tomento
1226 3871 1355 3938 lubrico
1375 3874 1566 3937 tenuissimo
1590 3873 1802 3952 flavescente,
1826 3872 1948 3938 lineam
1967 3892 1999 3938 et
2020 3873 2114 3941 ultra
2136 3876 2260 3963 lenge,

793 3976 987 4043 densissimo
1005 3975 1151 4063 undique
1166 3992 1198 4038 ct
1213 3977 1334 4064 ubique
1347 3974 1496 4052 obsessa3
1512 3991 1695 4037 tomentum
1712 3976 1773 4038 sub
1791 3975 1879 4040 lente
1895 3979 2002 4043 visum
2017 4003 2034 4042 e
2049 3979 2153 4047 fibris
2171 4008 2263 4051 con-

793 4098 856 4145 stat
870 4076 1074 4167 simplicibus
1090 4076 1288 4158 articulatis3
1310 4074 1455 4140 articulis
1477 4074 1638 4141 diametro
1664 4076 1785 4168 2-3plo
1806 4078 2031 4164 longioribus,
2054 4085 2152 4149 intus
2176 4108 2263 4169 gra-

791 4181 879 4248 nulis
896 4181 1146 4249 flavescentibus
1164 4182 1285 4248 lar-etis.
1333 4181 1473 4245 Fructus
1488 4178 1619 4245 Semina
1633 4182 1722 4246 nuda
1739 4181 1881 4273 elliptica
1899 4187 2004 4261 susea,
2030 4200 2141 4250 totam
2159 4206 2263 4255 exte-

793 4291 919 4355 riorem
939 4284 1069 4353 frondis
1091 4303 1219 4377 partem
1240 4285 1478 4352 constituentia.
1531 4284 1634 4352 Color
1655 4286 1783 4368 snseus,
1816 4291 1980 4351 exsiccatae
1998 4287 2109 4370 niger.
2161 4291 2262 4359 Suh.

795 4393 913 4460 stantia
927 4390 1144 4475 cartilaginea,
1160 4408 1266 4456 tenax.

710 4509 803 4580 OBS.
846 4505 1049 4601 Corpuscula
1070 4506 1127 4574 illa
1151 4507 1313 4600 elliptiea,
1338 4529 1409 4596 qvae
1429 4507 1551 4572 semina
1572 4505 1723 4586 salutavi,
1749 4531 1766 4570 e
1790 4505 1908 4572 fronde
1931 4504 2104 4573 interdum
2128 4510 2263 4603 sponte

665 4616 671 4623 ’
796 4632 934 4694 exeunt,
965 4615 1065 4679 etsie
1088 4616 1122 4679 in
1143 4610 1235 4678 tibiis
1258 4610 1436 4704 pendentia
1462 4610 1608 4703 capsulas
1631 4609 1720 4675 haud
1742 4608 1825 4673 male
1848 4613 2065 4677 mentiuntur.
2117 4618 2261 4702 Fibras,

797 4744 869 4811 qve
888 4735 1071 4785 tomentum
1084 4718 1243 4797 efficiunt,
1267 4735 1299 4782 et
1318 4743 1335 4782 e
1351 4715 1469 4782 fronde
1487 4718 1558 4807 ipsa
1582 4716 1743 4799 originem
1766 4714 1886 4782 ducere
1907 4740 2036 4807 semper
2059 4720 2152 4787 mihi
2176 4729 2259 4794 uisa:¹

796 4838 889 4901 sunt,
913 4845 1080 4912 nunqvam
1093 4847 1161 4887 non
1182 4821 1345 4913 simplices
1369 4820 1455 4904 vidi3
1480 4845 1613 4911 easque,
1637 4821 1664 4885 si
1689 4845 1824 4888 ramosae
1848 4820 2002 4905 fuissent,
2026 4823 2073 4892 ad
2097 4827 2260 4917 Confer-

795 4952 876 4996 vem
891 4928 1120 4995 inaestimatam
1133 4931 1195 5014 Ag.
1210 4929 1288 5024 Syn.
1302 4951 1337 5020 p.
1354 4939 1405 5006 93.
1429 4926 1555 4992 referre
1566 4923 1657 4992 haud
1670 4924 1867 4995 dubitarem.

1283 5101 1644 5126 -——--—-
