4728 6088
696 438 746 542 sa
1060 455 1231 527 suono
1255 452 1419 526 annu.
1478 451 1787 528 cuononem-³

642 664 794 737 Habitat
810 663 856 732 ad
865 661 964 735 littus
982 652 1148 735 Grennae
1162 665 1340 755 cimbriae,
1363 663 1464 734 Prof.
1479 664 1735 734 Homemonn.
1750 700 1802 720 -·
1812 659 1870 733 Ad
1884 661 1983 735 littus
2000 632 2199 752 Hommsff

641 816 732 889 gave
744 798 881 866 Fioniae
896 796 1075 867 nonnullis
1095 802 1196 869 annis
1213 810 1335 870 aestate
1349 797 1538 890 frequens,
1565 800 1878 869 saxisbdnasoens.

686 933 810 1000 DESC.
855 933 959 998 Radix
973 934 1073 1000 callus
1087 934 1234 1025 pusillus,
1252 935 1455 1012 subconicus,
1474 931 1637 1021 lapidibus
1653 932 1878 1018 agglutinatus.
1926 930 2075 997 Frondes
2091 951 2205 1031 grega-

771 1040 840 1117 riae,
871 1054 995 1119 teretes,
1021 1032 1209 1118 filiformes‚
1235 1037 1420 1128 spithamaea
1436 1035 1478 1100 ad
1491 1036 1642 1127 pedalem
1657 1037 1879 1120 longitudine,
1905 1059 2020 1125 pennae
2033 1034 2207 1123 passerinae

771 1143 933 1221 crassitie,
959 1142 1127 1220 flexuosae,
1150 1142 1215 1206 huc
1237 1140 1315 1205 illuc
1341 1142 1551 1220 fluctuantes,
1577 1139 1709 1219 molles,
1734 1140 1885 1219 lubricae,
1910 1138 2125 1214 dichotomae,
2151 1137 2206 1198 in-

772 1246 908 1323 tricatae,
945 1245 1064 1341 ubiqve
1086 1243 1241 1335 aeqvales,
1274 1248 1365 1335 apice
1387 1241 1625 1309 obtusiusculae.
1682 1243 1820 1307 Fructus
1841 1243 1949 1307 Fibra}
1966 1241 2202 1316 minutissime,

772 1344 962 1437 pellucidae,
993 1347 1196 1429 geniculatae,
1228 1347 1422 1413 dichotomae
1443 1344 1494 1410 vel
1514 1367 1667 1423 ramosae,
1701 1363 1854 1411 ecentro
1885 1343 1936 1411 vel
1956 1368 2013 1408 axe
2039 1343 2206 1408 communi

772 1450 900 1515 frondis
916 1448 1060 1538 undiqve
1075 1468 1106 1514 et
1126 1451 1245 1539 ubiqvc
1269 1449 1536 1541 progredientes,
1561 1471 1695 1536 eamque
1720 1464 1822 1513 totam
1847 1449 2087 1513 constituentes.
2135 1446 2205 1508 Co-

769 1549 823 1616 lor
837 1554 1039 1632 atro-ruber,
1063 1554 1227 1619 exsiccatae
1245 1555 1418 1636 nigricans.
1458 1551 1643 1617 Substantia
1657 1552 1874 1628 subcoriacea,
1905 1548 2082 1613 admodum
2094 1546 2205 1612 lubri-

771 1677 819 1733 ca,
844 1674 948 1721 tenax.
988 1659 1116 1721 Annua.
1162 1658 1246 1739 Aug.
1267 1673 1299 1720 et
1317 1656 1406 1744 Sept.
1426 1679 1496 1719 cam
1511 1653 1586 1736 legi.
1628 1655 1764 1749 'Chartae
1779 1669 1866 1717 arcte
1882 1652 2035 1716 adhaeret.

686 1776 778 1843 OBS.
825 1779 1019 1860 Congeriem
1034 1779 1193 1844 vermium
1207 1778 1459 1858 nigrescentium
1476 1775 1659 1838 intricatam
1675 1775 1710 1836 in
1731 1798 1813 1861 aqva
1837 1771 1940 1836 libere
1962 1772 2120 1835 fluctuans
2143 1772 2205 1834 ad-

776 1881 912 1946 modum
926 1882 1037 1947 refert.
1084 1885 1123 1945 ln
1141 1904 1223 1969 aqva
1239 1878 1328 1943 dulci
1345 1877 1545 1966 aliqvantum
1560 1877 1716 1965 temporis
1733 1891 1858 1939 servata
1874 1876 1918 1938 ob
1934 1875 2032 1937 fibras
2050 1897 2067 1935 e
2086 1871 2209 1937 froude

693 2065 696 2070 Ι
771 1987 891 2047 sensim
904 1988 1086 2072 sensimqve
1103 1999 1253 2047 exeuntes
1269 1981 1380 2068 planta
1397 1980 1504 2069 qvoad
1515 1980 1737 2070 peripheriam
1761 1974 1917 2064 paulatim
1939 1975 2148 2055 diminuitur,
2173 1993 2206 2039 ct

772 2081 814 2145 ad
829 2101 1047 2169 postremum,
1073 2084 1114 2146 ad
1129 2082 1264 2146 modum
1278 2081 1491 2169 praecedentis
1508 2084 1645 2171 speciei.
1673 2080 1807 2144 omnino
1824 2075 2023 2141 dissolvitur.

685 2242 689 2249 ’
716 2254 751 2327 4
806 2244 1129 2337 carnunculam,
1148 2246 1276 2321 fronde
1289 2259 1413 2338 terete,
1429 2271 1516 2342 rege
1532 2225 1912 2336 dichotomo-rainosa,
1932 2244 2205 2337 ubiqvetuber·

641 2379 762 2451 culosa
769 2408 780 2474 3
806 2382 1000 2453 tuberculis
1011 2386 1210 2456 verrucosis
1232 2386 1301 2454 toti
1317 2381 1438 2454 frondi
1451 2383 1695 2477 insidentibus.

773 2521 935 2575 Ceremiam
952 2523 1159 2574 tuberculosum
1177 2520 1213 2574 ΡΙ.
1229 2520 1292 2573 dan.
1306 2523 1342 2574 Τ.
1366 2521 1439 2589 1546.
1462 2520 1549 2587 (excll.
1572 2522 1691 2590 synom.)

772 2615 966 2685 Choetophora
983 2615 1130 2671 maniosa
1150 2615 1199 2685 alp.
1226 2612 1289 2684 Syn.
1308 2630 1335 2684 p.
1358 2629 1414 2682 ¹²7·
1456 2624 1460 2629 ·
1484 2680 1486 2685 Ι

639 2728 791 2799 Habitat
806 2731 852 2798 ad
867 2752 966 2801 oram
991 2732 1126 2823 Fionisa
1152 2728 1467 2818 septentrionalem
1485 2752 1559 2799 non
1579 2727 1767 2822 freqvens3
1791 2732 1838 2800 ad
1860 2728 1959 2801 littus
1982 2728 2207 2800 Hindsholm'

640 2859 776 2927 Fioniae
799 2860 897 2929 Fuco
913 2862 1109 2931 vesiculoso
1132 2863 1275 2950 copiose
1294 2863 1510 2947 adnascens,
1534 2864 1676 2949 passim.

572 3060 578 3073 ,
685 2995 808 3062 DESC.
860 2996 966 3063 Radix
989 2994 1089 3061 callus
1108 3018 1239 3084 parvus.
1286 2996 1435 3062 Frondes
1458 3013 1652 3078 aggregatae,
1672 3013 1818 3075 teretes,
1844 2996 1975 3077 solidae,
1999 2996 2145 3085 palmam
2161 3019 2211 3082 ‚et

772 3098 856 3164 ultra
869 3098 991 3182 longae,
1013 3121 1217 3188 pennamqve
1231 3101 1431 3189 passerinam
1456 3120 1595 3175 crassae,
1612 3119 1691 3179 vage
1715 3120 1869 3179 ramosae,
1892 3100 2058 3163 interdum
2081 3101 2211 3168 dicho-

773 3221 884 3281 tomae,
906 3206 1032 3292 apicem
1046 3225 1156 3267 versus
1172 3200 1272 3290 paulo
1287 3216 1474 3279 attenuatae3
1497 3200 1579 3262 rami
1600 3197 1721 3288 patuli,
1746 3199 1880 3279 alterni,
1905 3226 1981 3267 raro
2005 3206 2124 3284 gemini
2151 3204 2212 3271 vel

772 3307 935 3396 oppositi,
958 3307 1050 3395 apice
1064 3302 1286 3369 obtusiusculi.
1333 3302 1527 3392 Superfieies
1543 3303 1641 3367 totius
1655 3302 1783 3381 frondis
1802 3328 1820 3366 a
1840 3304 1911 3367 basi
1931 3304 1974 3368 ad
1997 3306 2122 3392 apicem
2146 3331 2214 3371 us-

771 3434 833 3497 qve
849 3406 1024 3475 tuberculis
1040 3408 1222 3473 verrucosis
1235 3404 1343 3471 densis
1357 3406 1458 3470 ovatis
1473 3403 1524 3470 vel
1538 3402 1687 3486 oblongis
1703 3404 1874 3493 paululum
1894 3405 2024 3470 elevatis
2047 3405 2212 3475 olivaceis

772 3510 823 3577 vel
837 3510 1086 3589 nigricantibus,
1111 3510 1232 3568 semina
1248 3506 1435 3589 Papaveris
1450 3506 1630 3590 somniferi
1651 3509 1852 3587 minoribus,
1876 3507 2020 3595 undiqvc
2035 3527 2066 3571 et
2078 3510 2214 3598 ubiqve

770 3612 911 3675 obsessa.
957 3609 1096 3672 Fructus
1110 3606 1218 3670 Fibra
1231 3605 1471 3682 minutissime,
1494 3630 1511 3667 e
1535 3610 1646 3694 qvavis
1669 3632 1805 3672 verruca
1828 3610 2008 3672 excentrica
2033 3629 2214 3693 excuntes,

697 3788 699 3793 Ι
770 3713 984 3805 ppriformes,
1007 3709 1088 3775 adeo
1104 3725 1139 3771 ut
1151 3709 1277 3797 apicem
1293 3731 1405 3773 versus
1422 3709 1487 3771 sint
1504 3725 1663 3786 cuneatae,
1689 3709 1732 3773 ab
1748 3709 1847 3775 altera
1863 3733 1942 3775 vero
1960 3728 2053 3799 parte
2074 3717 2215 3778 acumi-

683 3890 687 3901 ,
770 3832 872 3893 natae,
897 3812 1059 3905 simplices
1076 3829 1107 3877 et
1122 3810 1335 3888 dichotomae,
1364 3828 1396 3873 et
1411 3833 1481 3897 qvae
1496 3811 1531 3873 in
1548 3812 1694 3899 apicibus
1711 3812 1868 3877 fibrarum
1891 3814 2100 3877 continentur
2122 3839 2213 3899 gra-

676 3960 679 3971 ·
769 3916 849 3985 nula
864 3917 969 3993 fusca,
992 3913 1144 3979 haeceine
1161 3911 1260 3978 dubio
1277 3911 1438 3976 censenda
1452 3928 1527 3975 sunt
1540 3915 1663 3975 semina
1686 3915 1752 3976 sive
1776 3910 1969 4003 corpuscula
1986 3918 2214 4005 reproducti-

771 4043 820 4085 va.
869 4016 970 4082 Color
993 4014 1237 4093 fusco-viridis,
1261 4037 1337 4078 raro
1361 4011 1538 4085 climacus,
1570 4014 1735 4077 exsiccatae
1758 4016 1964 4098 nigerrimus.
2014 4019 2216 4087 Substantia

771 4121 915 4186 coriacea
931 4118 1078 4185 sublenta
1095 4117 1220 4196 mollis,
1244 4117 1279 4179 in
1295 4132 1379 4181 statu
1392 4138 1470 4180 vero
1486 4114 1609 4198 juniori
1622 4115 1666 4181 ob
1688 4138 1840 4186 verrucas
1864 4120 2028 4188 interdum
2048 4122 2215 4190 scabriu-

773 4247 864 4288 scua.
912 4225 1041 4289 Annua
1088 4223 1210 4287 AEstate
1229 4216 1303 4300 legi.

444 4408 535 4483 Tala.
556 4418 615 4491 13.
718 4400 751 4475 5.
803 4389 863 4464 Cb.
880 4389 1048 4461 rbizodes
1056 4411 1070 4475 ,·
1096 4348 1225 4456 fronde
1240 4394 1364 4471 terete,
1379 4384 1547 4475 filiiornri,
1561 4388 1785 4479 dichotoma3
1810 4387 2005 4457 tuberculis
2022 4412 2216 4466 verruco-

639 4530 705 4618 sis,
736 4523 1015 4613 remotiusculis,
1040 4521 1208 4591 frondem
1222 4516 1437 4588 nodulorum
1454 4520 1612 4590 adinstar
1625 4521 1931 4611 amplectentibus.
1947 4516 1950 4525 ’
2038 4506 2045 4521 ’

688 4666 841 4735 Habitat
853 4666 899 4734 ad
908 4664 1029 4733 littora
1045 4662 1172 4731 Daniae
1183 4683 1289 4749 raro,
1314 4661 1360 4727 ad
1373 4664 1636 4730 munimentum
1648 4645 1852 4729 'Ireltroner
1877 4684 1991 4752 prope
2008 4658 2216 4741 Hafnimn,¹

684 4798 810 4864 DESC.
849 4795 1005 4861 Radicem
1022 4817 1090 4858 non
1111 4774 1200 4871 vidi,
1231 4792 1444 4882 precedentis
1469 4792 1606 4858 similem
1625 4810 1717 4883 puto.
1771 4795 1878 4868 Frons
1905 4793 2064 4875 solitaria,
2103 4815 2216 4882 teres,

773 4898 952 4977 filiformis,
976 4895 1169 4988 spithamam
1182 4895 1297 4978 longa,
1315 4914 1416 4962 setam
1429 4898 1601 4987 porcinam
1614 4918 1733 4977 crassa,
1756 4894 1953 4975 dichotoma,
1979 4901 2108 4988 apicem
2125 4926 2220 4967 ver-

770 5000 937 5094 sus-paulo
960 4993 1131 5068 attenuata.
1177 4998 1300 5085 anguli
1323 5000 1596 5091 dichotonaiarum
1616 5002 1712 5091 acuti.
1753 5000 1882 5069 Remuli
1910 5004 2029 5083 mccli,
2054 5002 2220 5071 flaccida·
