<?xml version="1.0" encoding="UTF-8"?>
<!DOCTYPE html PUBLIC "-//W3C//DTD XHTML 1.0 Transitional//EN"
    "http://www.w3.org/TR/xhtml1/DTD/xhtml1-transitional.dtd">
<html xmlns="http://www.w3.org/1999/xhtml" xml:lang="en" lang="en">
 <head>
  <title>
</title>
<meta http-equiv="Content-Type" content="text/html;charset=utf-8" />
  <meta name='ocr-system' content='tesseract 3.04.00' />
  <meta name='ocr-capabilities' content='ocr_page ocr_carea ocr_par ocr_line ocrx_word'/>
</head>
<body>
  <div class='ocr_page' id='page_1' title='image "./tentamenhydroph00lynggoog_0156.png"; bbox 0 0 4772 6106; ppageno 0'>
   <div class='ocr_carea' id='block_1_1' title="bbox 591 489 1702 585">
    <p class='ocr_par' dir='ltr' id='par_1_1' title="bbox 591 489 1702 585">
     <span class='ocr_line' id='line_1_1' title="bbox 591 489 1702 585; baseline 0.017 -22"><span class='ocrx_word' id='word_1_1' title='bbox 591 489 765 565; x_wconf 80' lang='lat' dir='ltr'>SEC&#39;HO</span> <span class='ocrx_word' id='word_1_2' title='bbox 789 490 984 565; x_wconf 68' lang='lat' dir='ltr'><strong>TERTIA.</strong></span> <span class='ocrx_word' id='word_1_3' title='bbox 1047 490 1357 565; x_wconf 79' lang='lat' dir='ltr'><strong>HUTCHINSIA.</strong></span> <span class='ocrx_word' id='word_1_4' title='bbox 1630 507 1702 585; x_wconf 85' lang='lat'><strong>115</strong></span> 
     </span>
    </p>
   </div>
   <div class='ocr_carea' id='block_1_2' title="bbox 306 694 1805 1209">
    <p class='ocr_par' dir='ltr' id='par_1_2' title="bbox 306 694 1805 1209">
     <span class='ocr_line' id='line_1_2' title="bbox 312 694 1805 790; baseline 0.004 -27"><span class='ocrx_word' id='word_1_5' title='bbox 312 696 393 763; x_wconf 88' lang='lat' dir='ltr'><strong>muli</strong></span> <span class='ocrx_word' id='word_1_6' title='bbox 416 698 601 788; x_wconf 77' lang='lat' dir='ltr'>superiores</span> <span class='ocrx_word' id='word_1_7' title='bbox 624 699 821 779; x_wconf 81' lang='lat' dir='ltr'><strong>abbreviati,</strong></span> <span class='ocrx_word' id='word_1_8' title='bbox 850 697 1094 790; x_wconf 87' lang='lat' dir='ltr'><strong>subsimplices‚</strong></span> <span class='ocrx_word' id='word_1_9' title='bbox 1126 698 1365 789; x_wconf 83' lang='lat' dir='ltr'><strong>approximati,</strong></span> <span class='ocrx_word' id='word_1_10' title='bbox 1390 694 1593 787; x_wconf 71' lang='lat' dir='ltr'><strong>plerumque,</strong></span> <span class='ocrx_word' id='word_1_11' title='bbox 1606 703 1751 768; x_wconf 89' lang='lat' dir='ltr'><strong>secundi.</strong></span> <span class='ocrx_word' id='word_1_12' title='bbox 1797 706 1805 721; x_wconf 79' lang='lat'><strong><em>‘</em></strong></span> 
     </span>
     <span class='ocr_line' id='line_1_3' title="bbox 309 800 1749 890; baseline 0 -21"><span class='ocrx_word' id='word_1_13' title='bbox 309 800 451 869; x_wconf 82' lang='lat' dir='ltr'><strong>Articuli</strong></span> <span class='ocrx_word' id='word_1_14' title='bbox 465 801 667 887; x_wconf 86' lang='lat' dir='ltr'><strong>longitudine</strong></span> <span class='ocrx_word' id='word_1_15' title='bbox 684 805 829 884; x_wconf 88' lang='lat' dir='ltr'><strong>variant,</strong></span> <span class='ocrx_word' id='word_1_16' title='bbox 856 803 897 869; x_wconf 89' lang='lat' dir='ltr'><strong>ad</strong></span> <span class='ocrx_word' id='word_1_17' title='bbox 913 805 1006 869; x_wconf 88' lang='lat' dir='ltr'><strong>basin</strong></span> <span class='ocrx_word' id='word_1_18' title='bbox 1018 805 1144 881; x_wconf 87' lang='lat' dir='ltr'><strong>breves,</strong></span> <span class='ocrx_word' id='word_1_19' title='bbox 1167 803 1244 867; x_wconf 91' lang='lat' dir='ltr'><strong>dein</strong></span> <span class='ocrx_word' id='word_1_20' title='bbox 1259 802 1420 867; x_wconf 89' lang='lat' dir='ltr'><strong>diametro</strong></span> <span class='ocrx_word' id='word_1_21' title='bbox 1437 800 1557 890; x_wconf 75' lang='lat' dir='ltr'><strong>3-4plo</strong></span> <span class='ocrx_word' id='word_1_22' title='bbox 1573 801 1749 886; x_wconf 82' lang='lat' dir='ltr'><strong>longiores,</strong></span> 
     </span>
     <span class='ocr_line' id='line_1_4' title="bbox 311 904 1752 996; baseline 0 -24"><span class='ocrx_word' id='word_1_23' title='bbox 311 907 478 972; x_wconf 87' lang='lat' dir='ltr'><strong>etiterum</strong></span> <span class='ocrx_word' id='word_1_24' title='bbox 498 907 533 970; x_wconf 90' lang='lat' dir='ltr'><strong>in</strong></span> <span class='ocrx_word' id='word_1_25' title='bbox 548 907 694 996; x_wconf 85' lang='lat' dir='ltr'><strong>apicibus</strong></span> <span class='ocrx_word' id='word_1_26' title='bbox 710 908 913 975; x_wconf 88' lang='lat' dir='ltr'><strong>ramulorum</strong></span> <span class='ocrx_word' id='word_1_27' title='bbox 927 909 1114 986; x_wconf 83' lang='lat' dir='ltr'><strong>breviores,</strong></span> <span class='ocrx_word' id='word_1_28' title='bbox 1139 906 1265 972; x_wconf 89' lang='lat' dir='ltr'><strong>duabus</strong></span> <span class='ocrx_word' id='word_1_29' title='bbox 1281 904 1333 971; x_wconf 89' lang='lat' dir='ltr'><strong>vel</strong></span> <span class='ocrx_word' id='word_1_30' title='bbox 1349 905 1452 970; x_wconf 86' lang='lat' dir='ltr'><strong>tribus</strong></span> <span class='ocrx_word' id='word_1_31' title='bbox 1468 906 1557 969; x_wconf 84' lang='lat' dir='ltr'><strong>striis</strong></span> <span class='ocrx_word' id='word_1_32' title='bbox 1571 904 1752 992; x_wconf 90' lang='lat' dir='ltr'><strong>longitudi-</strong></span> 
     </span>
     <span class='ocr_line' id='line_1_5' title="bbox 306 1007 1751 1100; baseline 0.003 -27"><span class='ocrx_word' id='word_1_33' title='bbox 306 1008 435 1074; x_wconf 86' lang='lat' dir='ltr'><strong>nalibus</strong></span> <span class='ocrx_word' id='word_1_34' title='bbox 450 1011 570 1089; x_wconf 81' lang='lat' dir='ltr'><strong>notati3</strong></span> <span class='ocrx_word' id='word_1_35' title='bbox 590 1011 626 1075; x_wconf 93' lang='lat' dir='ltr'><strong>in</strong></span> <span class='ocrx_word' id='word_1_36' title='bbox 647 1028 732 1077; x_wconf 87' lang='lat' dir='ltr'><strong>statu</strong></span> <span class='ocrx_word' id='word_1_37' title='bbox 753 1037 832 1079; x_wconf 88' lang='lat' dir='ltr'><strong>vero</strong></span> <span class='ocrx_word' id='word_1_38' title='bbox 852 1014 976 1077; x_wconf 88' lang='lat' dir='ltr'><strong>recenti</strong></span> <span class='ocrx_word' id='word_1_39' title='bbox 996 1011 1046 1076; x_wconf 86' lang='lat' dir='ltr'><strong>hae</strong></span> <span class='ocrx_word' id='word_1_40' title='bbox 1068 1012 1155 1075; x_wconf 81' lang='lat' dir='ltr'><strong>str&#39;iae</strong></span> <span class='ocrx_word' id='word_1_41' title='bbox 1179 1034 1265 1100; x_wconf 86' lang='lat' dir='ltr'><strong>saepe</strong></span> <span class='ocrx_word' id='word_1_42' title='bbox 1289 1010 1458 1074; x_wconf 88' lang='lat' dir='ltr'><strong>cruciatim</strong></span> <span class='ocrx_word' id='word_1_43' title='bbox 1476 1007 1643 1098; x_wconf 83' lang='lat' dir='ltr'><strong>dispositae</strong></span> <span class='ocrx_word' id='word_1_44' title='bbox 1665 1029 1751 1077; x_wconf 84' lang='lat' dir='ltr'><strong>sunt.</strong></span> 
     </span>
     <span class='ocr_line' id='line_1_6' title="bbox 308 1110 1751 1209; baseline 0.002 -32"><span class='ocrx_word' id='word_1_45' title='bbox 308 1113 448 1177; x_wconf 86' lang='lat' dir='ltr'>Fructus</span> <span class='ocrx_word' id='word_1_46' title='bbox 463 1110 550 1177; x_wconf 87' lang='lat' dir='ltr'><strong>latet.</strong></span> <span class='ocrx_word' id='word_1_47' title='bbox 599 1114 700 1182; x_wconf 89' lang='lat' dir='ltr'><strong>Color</strong></span> <span class='ocrx_word' id='word_1_48' title='bbox 717 1115 1009 1209; x_wconf 83' lang='lat' dir='ltr'><strong>nigro-rubescens</strong></span> <span class='ocrx_word' id='word_1_49' title='bbox 1025 1114 1078 1181; x_wconf 87' lang='lat' dir='ltr'><strong>vel</strong></span> <span class='ocrx_word' id='word_1_50' title='bbox 1099 1132 1370 1204; x_wconf 87' lang='lat' dir='ltr'><strong>atropurpureus.</strong></span> <span class='ocrx_word' id='word_1_51' title='bbox 1417 1111 1605 1179; x_wconf 76' lang='lat' dir='ltr'><strong>Substantia</strong></span> <span class='ocrx_word' id='word_1_52' title='bbox 1631 1130 1751 1180; x_wconf 85' lang='lat' dir='ltr'><strong>tenera.</strong></span> 
     </span>
    </p>
   </div>
   <div class='ocr_carea' id='block_1_3' title="bbox 173 1215 982 1286">
    <p class='ocr_par' dir='ltr' id='par_1_3' title="bbox 173 1215 982 1286">
     <span class='ocr_line' id='line_1_7' title="bbox 173 1215 982 1286; baseline -0.001 -2"><span class='ocrx_word' id='word_1_53' title='bbox 173 1268 178 1275; x_wconf 69' lang='lat'><strong>.</strong></span> <span class='ocrx_word' id='word_1_54' title='bbox 306 1215 448 1284; x_wconf 77' lang='lat' dir='ltr'><strong>Aestate.</strong></span> <span class='ocrx_word' id='word_1_55' title='bbox 497 1215 626 1284; x_wconf 72' lang='lat' dir='ltr'><strong>Chartae</strong></span> <span class='ocrx_word' id='word_1_56' title='bbox 643 1244 711 1286; x_wconf 92' lang='lat' dir='ltr'><strong>non</strong></span> <span class='ocrx_word' id='word_1_57' title='bbox 728 1222 812 1286; x_wconf 88' lang='lat' dir='ltr'><strong>bene</strong></span> <span class='ocrx_word' id='word_1_58' title='bbox 827 1219 982 1286; x_wconf 84' lang='lat' dir='ltr'><strong>adbaeret.</strong></span> 
     </span>
    </p>
   </div>
   <div class='ocr_carea' id='block_1_4' title="bbox 175 1479 1948 2043">
    <p class='ocr_par' dir='ltr' id='par_1_4' title="bbox 175 1479 1948 1866">
     <span class='ocr_line' id='line_1_8' title="bbox 257 1479 1948 1610; baseline 0.001 -37"><span class='ocrx_word' id='word_1_59' title='bbox 257 1517 314 1587; x_wconf 81' lang='lat'><strong>13.</strong></span> <span class='ocrx_word' id='word_1_60' title='bbox 364 1502 418 1574; x_wconf 91' lang='lat' dir='ltr'><strong>H.</strong></span> <span class='ocrx_word' id='word_1_61' title='bbox 432 1503 585 1594; x_wconf 83' lang='lat' dir='ltr'><strong>stricta,·</strong></span> <span class='ocrx_word' id='word_1_62' title='bbox 609 1505 739 1579; x_wconf 88' lang='lat' dir='ltr'><strong>fronde</strong></span> <span class='ocrx_word' id='word_1_63' title='bbox 759 1507 1018 1595; x_wconf 84' lang='lat' dir='ltr'><strong>ramosissima,</strong></span> <span class='ocrx_word' id='word_1_64' title='bbox 1049 1507 1190 1595; x_wconf 80' lang='lat' dir='ltr'><strong>strieta3</strong></span> <span class='ocrx_word' id='word_1_65' title='bbox 1215 1503 1325 1571; x_wconf 90' lang='lat' dir='ltr'><strong>ramis</strong></span> <span class='ocrx_word' id='word_1_66' title='bbox 1338 1496 1481 1571; x_wconf 81' lang='lat' dir='ltr'><strong>inferne</strong></span> <span class='ocrx_word' id='word_1_67' title='bbox 1496 1507 1664 1594; x_wconf 89' lang='lat' dir='ltr'><strong>remotis,</strong></span> <span class='ocrx_word' id='word_1_68' title='bbox 1689 1528 1755 1576; x_wconf 89' lang='lat' dir='ltr'><strong>su·</strong></span> <span class='ocrx_word' id='word_1_69' title='bbox 1783 1479 1871 1599; x_wconf 56' lang='lat' dir='ltr'><strong>Tap,</strong></span> <span class='ocrx_word' id='word_1_70' title='bbox 1890 1532 1948 1610; x_wconf 66' lang='lat'><strong>35,</strong></span> 
     </span>
     <span class='ocr_line' id='line_1_9' title="bbox 175 1635 1754 1733; baseline 0.001 -24"><span class='ocrx_word' id='word_1_71' title='bbox 175 1662 289 1732; x_wconf 87' lang='lat' dir='ltr'><strong>perne</strong></span> <span class='ocrx_word' id='word_1_72' title='bbox 309 1640 584 1730; x_wconf 80' lang='lat' dir='ltr'><strong>approximatis,</strong></span> <span class='ocrx_word' id='word_1_73' title='bbox 614 1641 850 1732; x_wconf 84' lang='lat' dir='ltr'><strong>fasciculatis,</strong></span> <span class='ocrx_word' id='word_1_74' title='bbox 883 1639 1093 1733; x_wconf 77' lang='lat' dir='ltr'><strong>fastigiatis,</strong></span> <span class='ocrx_word' id='word_1_75' title='bbox 1124 1635 1367 1728; x_wconf 73' lang='lat' dir='ltr'><strong>simplicibus,</strong></span> <span class='ocrx_word' id='word_1_76' title='bbox 1399 1636 1558 1707; x_wconf 78' lang='lat' dir='ltr'><strong>articulis</strong></span> <span class='ocrx_word' id='word_1_77' title='bbox 1580 1639 1754 1712; x_wconf 78' lang='lat' dir='ltr'><strong>diametro</strong></span> 
     </span>
     <span class='ocr_line' id='line_1_10' title="bbox 178 1773 613 1866; baseline -0.005 -21"><span class='ocrx_word' id='word_1_78' title='bbox 178 1774 362 1866; x_wconf 77' lang='lat' dir='ltr'><strong>quintuplo</strong></span> <span class='ocrx_word' id='word_1_79' title='bbox 380 1773 613 1866; x_wconf 84' lang='lat' dir='ltr'><strong>longioribus.</strong></span> 
     </span>
    </p>

    <p class='ocr_par' dir='ltr' id='par_1_5' title="bbox 311 1968 944 2043">
     <span class='ocr_line' id='line_1_11' title="bbox 311 1968 944 2043; baseline -0.006 -20"><span class='ocrx_word' id='word_1_80' title='bbox 311 1968 482 2023; x_wconf 70' lang='lat' dir='ltr'><strong>fflicttnsta</strong></span> <span class='ocrx_word' id='word_1_81' title='bbox 500 1976 602 2022; x_wconf 74' lang='lat' dir='ltr'><strong>sericea</strong></span> <span class='ocrx_word' id='word_1_82' title='bbox 622 1969 671 2041; x_wconf 76' lang='lat' dir='ltr'><strong>Ag.</strong></span> <span class='ocrx_word' id='word_1_83' title='bbox 689 1969 752 2042; x_wconf 81' lang='lat' dir='ltr'><strong>Syn.</strong></span> <span class='ocrx_word' id='word_1_84' title='bbox 772 1988 801 2043; x_wconf 85' lang='lat' dir='ltr'><strong>p.</strong></span> <span class='ocrx_word' id='word_1_85' title='bbox 820 1972 863 2035; x_wconf 78' lang='grc'><strong>56.</strong></span> <span class='ocrx_word' id='word_1_86' title='bbox 940 2012 944 2019; x_wconf 90' lang='grc'><strong>.</strong></span> 
     </span>
    </p>
   </div>
   <div class='ocr_carea' id='block_1_5' title="bbox 313 2048 1272 2255">
    <p class='ocr_par' dir='ltr' id='par_1_6' title="bbox 313 2048 1272 2255">
     <span class='ocr_line' id='line_1_12' title="bbox 313 2048 1062 2145; baseline -0.008 -15"><span class='ocrx_word' id='word_1_87' title='bbox 313 2077 473 2130; x_wconf 75' lang='lat' dir='ltr'><strong>ceramium</strong></span> <span class='ocrx_word' id='word_1_88' title='bbox 490 2084 618 2129; x_wconf 76' lang='lat' dir='ltr'><strong>strictum</strong></span> <span class='ocrx_word' id='word_1_89' title='bbox 636 2077 721 2132; x_wconf 82' lang='lat' dir='ltr'><strong>Roth.</strong></span> <span class='ocrx_word' id='word_1_90' title='bbox 741 2078 802 2131; x_wconf 82' lang='lat' dir='ltr'><strong>Cat.</strong></span> <span class='ocrx_word' id='word_1_91' title='bbox 823 2075 880 2129; x_wconf 84' lang='lat' dir='ltr'><strong>bot.</strong></span> <span class='ocrx_word' id='word_1_92' title='bbox 901 2048 932 2139; x_wconf 23' lang='lat'><strong>3⁴,</strong></span> <span class='ocrx_word' id='word_1_93' title='bbox 952 2093 980 2145; x_wconf 88' lang='lat' dir='ltr'><strong>p.</strong></span> <span class='ocrx_word' id='word_1_94' title='bbox 1003 2083 1062 2136; x_wconf 81' lang='lat'><strong>¹3⁰·</strong></span> 
     </span>
     <span class='ocr_line' id='line_1_13' title="bbox 313 2173 1272 2255; baseline -0.018 -16"><span class='ocrx_word' id='word_1_95' title='bbox 313 2182 578 2255; x_wconf 69' lang='lat' dir='ltr'><strong>conservantiam</strong></span> <span class='ocrx_word' id='word_1_96' title='bbox 596 2183 687 2239; x_wconf 82' lang='lat' dir='ltr'><strong>Dillw.</strong></span> <span class='ocrx_word' id='word_1_97' title='bbox 708 2181 778 2238; x_wconf 65' lang='grc' dir='ltr'><strong>Τὼ.</strong></span> <span class='ocrx_word' id='word_1_98' title='bbox 798 2191 842 2248; x_wconf 85' lang='grc' dir='ltr'><strong>4ο.</strong></span> <span class='ocrx_word' id='word_1_99' title='bbox 858 2208 889 2227; x_wconf 88' lang='lat'><em>-</em></span> <span class='ocrx_word' id='word_1_100' title='bbox 900 2177 1003 2233; x_wconf 63' lang='lat' dir='ltr'><strong>wiht</strong></span> <span class='ocrx_word' id='word_1_101' title='bbox 1024 2176 1051 2231; x_wconf 87' lang='lat' dir='ltr'><strong>fl.</strong></span> <span class='ocrx_word' id='word_1_102' title='bbox 1070 2173 1144 2247; x_wconf 85' lang='lat' dir='ltr'><strong>ltpp.</strong></span> <span class='ocrx_word' id='word_1_103' title='bbox 1163 2189 1190 2227; x_wconf 90' lang='lat' dir='ltr'><strong>n.</strong></span> <span class='ocrx_word' id='word_1_104' title='bbox 1210 2180 1272 2242; x_wconf 69' lang='lat'><strong>973.</strong></span> 
     </span>
    </p>
   </div>
   <div class='ocr_carea' id='block_1_6' title="bbox 178 2358 1756 2605">
    <p class='ocr_par' dir='ltr' id='par_1_7' title="bbox 178 2358 1756 2605">
     <span class='ocr_line' id='line_1_14' title="bbox 179 2358 1756 2467; baseline -0.005 -25"><span class='ocrx_word' id='word_1_105' title='bbox 179 2368 332 2442; x_wconf 87' lang='lat' dir='ltr'><strong>Habitat</strong></span> <span class='ocrx_word' id='word_1_106' title='bbox 352 2371 389 2439; x_wconf 89' lang='lat' dir='ltr'><strong>in</strong></span> <span class='ocrx_word' id='word_1_107' title='bbox 403 2368 587 2460; x_wconf 87' lang='lat' dir='ltr'><strong>profundo</strong></span> <span class='ocrx_word' id='word_1_108' title='bbox 606 2369 688 2437; x_wconf 86' lang='lat' dir='ltr'><strong>ostii</strong></span> <span class='ocrx_word' id='word_1_109' title='bbox 705 2368 804 2467; x_wconf 77' lang='lat' dir='ltr'><strong>sinus</strong></span> <span class='ocrx_word' id='word_1_110' title='bbox 824 2363 1067 2450; x_wconf 87' lang='lat' dir='ltr'><strong>Othiniensis,</strong></span> <span class='ocrx_word' id='word_1_111' title='bbox 1097 2360 1193 2429; x_wconf 81' lang='lat' dir='ltr'><strong>saxis</strong></span> <span class='ocrx_word' id='word_1_112' title='bbox 1213 2367 1253 2429; x_wconf 87' lang='lat' dir='ltr'><strong>et</strong></span> <span class='ocrx_word' id='word_1_113' title='bbox 1269 2358 1450 2450; x_wconf 83' lang='lat' dir='ltr'><strong>stipitibus</strong></span> <span class='ocrx_word' id='word_1_114' title='bbox 1467 2361 1556 2434; x_wconf 88' lang='lat' dir='ltr'><strong>Fuci</strong></span> <span class='ocrx_word' id='word_1_115' title='bbox 1571 2365 1756 2435; x_wconf 78' lang='lat' dir='ltr'><strong>reticulosi</strong></span> 
     </span>
     <span class='ocr_line' id='line_1_15' title="bbox 178 2474 1753 2605; baseline -0.005 -31"><span class='ocrx_word' id='word_1_116' title='bbox 178 2507 389 2592; x_wconf 84' lang='lat' dir='ltr'><strong>adnaseens,</strong></span> <span class='ocrx_word' id='word_1_117' title='bbox 413 2502 576 2595; x_wconf 82' lang='lat' dir='ltr'><strong>copiose3</strong></span> <span class='ocrx_word' id='word_1_118' title='bbox 601 2501 649 2570; x_wconf 92' lang='lat' dir='ltr'><strong>ad</strong></span> <span class='ocrx_word' id='word_1_119' title='bbox 670 2500 771 2571; x_wconf 86' lang='lat' dir='ltr'><strong>littus</strong></span> <span class='ocrx_word' id='word_1_120' title='bbox 788 2501 899 2570; x_wconf 90' lang='lat' dir='ltr'><strong>maris</strong></span> <span class='ocrx_word' id='word_1_121' title='bbox 922 2474 1068 2605; x_wconf 78' lang='lat' dir='ltr'><strong>Codani</strong></span> <span class='ocrx_word' id='word_1_122' title='bbox 1084 2495 1210 2565; x_wconf 83' lang='lat' dir='ltr'><strong>rarius.</strong></span> <span class='ocrx_word' id='word_1_123' title='bbox 1244 2531 1292 2550; x_wconf 90' lang='lat'><strong>·-</strong></span> <span class='ocrx_word' id='word_1_124' title='bbox 1319 2489 1377 2563; x_wconf 89' lang='lat' dir='ltr'><strong>Ad</strong></span> <span class='ocrx_word' id='word_1_125' title='bbox 1396 2492 1529 2564; x_wconf 76' lang='lat' dir='ltr'><strong>insudas</strong></span> <span class='ocrx_word' id='word_1_126' title='bbox 1546 2496 1753 2568; x_wconf 86' lang='lat' dir='ltr'><strong>Faeroenses</strong></span> 
     </span>
    </p>
   </div>
   <div class='ocr_carea' id='block_1_7' title="bbox 180 2637 476 2732">
    <p class='ocr_par' dir='ltr' id='par_1_8' title="bbox 180 2637 476 2732">
     <span class='ocr_line' id='line_1_16' title="bbox 180 2637 476 2732; baseline -0.02 -21"><span class='ocrx_word' id='word_1_127' title='bbox 180 2639 278 2711; x_wconf 89' lang='lat' dir='ltr'><strong>haud</strong></span> <span class='ocrx_word' id='word_1_128' title='bbox 298 2637 476 2732; x_wconf 72' lang='lat' dir='ltr'><strong>frequens.</strong></span> 
     </span>
    </p>
   </div>
   <div class='ocr_carea' id='block_1_8' title="bbox 225 2836 1757 4151">
    <p class='ocr_par' dir='ltr' id='par_1_9' title="bbox 225 2836 1757 4151">
     <span class='ocr_line' id='line_1_17' title="bbox 225 2836 1757 2936; baseline -0.005 -23"><span class='ocrx_word' id='word_1_129' title='bbox 225 2846 346 2915; x_wconf 87' lang='lat' dir='ltr'><strong>DESC.</strong></span> <span class='ocrx_word' id='word_1_130' title='bbox 394 2841 500 2936; x_wconf 81' lang='lat' dir='ltr'><strong>Radix</strong></span> <span class='ocrx_word' id='word_1_131' title='bbox 516 2838 647 2923; x_wconf 75' lang='lat' dir='ltr'><strong>exigua,</strong></span> <span class='ocrx_word' id='word_1_132' title='bbox 672 2837 846 2925; x_wconf 79' lang='lat' dir='ltr'><strong>nigricans.</strong></span> <span class='ocrx_word' id='word_1_133' title='bbox 895 2836 1044 2905; x_wconf 87' lang='lat' dir='ltr'><strong>Frondes</strong></span> <span class='ocrx_word' id='word_1_134' title='bbox 1063 2863 1102 2904; x_wconf 83' lang='lat' dir='ltr'><strong>ex</strong></span> <span class='ocrx_word' id='word_1_135' title='bbox 1118 2836 1231 2904; x_wconf 90' lang='lat' dir='ltr'><strong>eadem</strong></span> <span class='ocrx_word' id='word_1_136' title='bbox 1245 2840 1316 2906; x_wconf 87' lang='lat' dir='ltr'><strong>basi</strong></span> <span class='ocrx_word' id='word_1_137' title='bbox 1332 2838 1464 2932; x_wconf 87' lang='lat' dir='ltr'><strong>plures,</strong></span> <span class='ocrx_word' id='word_1_138' title='bbox 1489 2858 1590 2905; x_wconf 85' lang='lat' dir='ltr'><strong>setam</strong></span> <span class='ocrx_word' id='word_1_139' title='bbox 1604 2841 1757 2930; x_wconf 73' lang='lat' dir='ltr'><strong>equinam</strong></span> 
     </span>
     <span class='ocr_line' id='line_1_18' title="bbox 309 2935 1756 3037; baseline -0.007 -20"><span class='ocrx_word' id='word_1_140' title='bbox 309 2973 443 3029; x_wconf 86' lang='lat' dir='ltr'><strong>crassae,</strong></span> <span class='ocrx_word' id='word_1_141' title='bbox 468 2946 640 3011; x_wconf 85' lang='lat' dir='ltr'><strong>inferiores</strong></span> <span class='ocrx_word' id='word_1_142' title='bbox 661 2941 856 3033; x_wconf 77' lang='lat' dir='ltr'><strong>plerumque</strong></span> <span class='ocrx_word' id='word_1_143' title='bbox 880 2943 1075 3032; x_wconf 83' lang='lat' dir='ltr'><strong>eaespitosae,</strong></span> <span class='ocrx_word' id='word_1_144' title='bbox 1099 2935 1345 3026; x_wconf 78' lang='lat' dir='ltr'><strong>atrorubcntcs,</strong></span> <span class='ocrx_word' id='word_1_145' title='bbox 1369 2962 1542 3037; x_wconf 87' lang='lat' dir='ltr'><strong>repentes,</strong></span> <span class='ocrx_word' id='word_1_146' title='bbox 1577 2944 1756 3032; x_wconf 86' lang='lat' dir='ltr'><strong>(radicibus</strong></span> 
     </span>
     <span class='ocr_line' id='line_1_19' title="bbox 311 3044 1757 3134; baseline -0.006 -14"><span class='ocrx_word' id='word_1_147' title='bbox 311 3055 353 3122; x_wconf 92' lang='lat' dir='ltr'><strong>ad</strong></span> <span class='ocrx_word' id='word_1_148' title='bbox 368 3053 506 3120; x_wconf 90' lang='lat' dir='ltr'><strong>modum</strong></span> <span class='ocrx_word' id='word_1_149' title='bbox 521 3048 759 3116; x_wconf 80' lang='lat' dir='ltr'><strong>Callithumnir&#39;</strong></span> <span class='ocrx_word' id='word_1_150' title='bbox 782 3048 944 3134; x_wconf 80' lang='lat' dir='ltr'><strong>repentis,</strong></span> <span class='ocrx_word' id='word_1_151' title='bbox 967 3047 1003 3117; x_wconf 74' lang='grc' dir='ltr'><strong>ω’</strong></span> <span class='ocrx_word' id='word_1_152' title='bbox 1027 3044 1141 3127; x_wconf 80' lang='lat' dir='ltr'><strong>fallor,</strong></span> <span class='ocrx_word' id='word_1_153' title='bbox 1167 3049 1335 3118; x_wconf 84' lang='lat' dir='ltr'><strong>interdurn</strong></span> <span class='ocrx_word' id='word_1_154' title='bbox 1357 3048 1555 3134; x_wconf 69' lang='lat' dir='ltr'><strong>instructae),</strong></span> <span class='ocrx_word' id='word_1_155' title='bbox 1580 3050 1713 3125; x_wconf 86' lang='lat' dir='ltr'><strong>breves,</strong></span> <span class='ocrx_word' id='word_1_156' title='bbox 1735 3059 1757 3119; x_wconf 78' lang='lat'>2</span> 
     </span>
     <span class='ocr_line' id='line_1_20' title="bbox 311 3147 1757 3245; baseline -0.008 -20"><span class='ocrx_word' id='word_1_157' title='bbox 311 3160 353 3225; x_wconf 90' lang='lat' dir='ltr'><strong>ad</strong></span> <span class='ocrx_word' id='word_1_158' title='bbox 374 3172 396 3232; x_wconf 87' lang='lat'>3</span> <span class='ocrx_word' id='word_1_159' title='bbox 416 3157 517 3222; x_wconf 88' lang='lat' dir='ltr'><strong>lineas</strong></span> <span class='ocrx_word' id='word_1_160' title='bbox 538 3151 663 3236; x_wconf 81' lang='lat' dir='ltr'><strong>longae,</strong></span> <span class='ocrx_word' id='word_1_161' title='bbox 696 3152 838 3229; x_wconf 83' lang='lat' dir='ltr'><strong>obtusae,</strong></span> <span class='ocrx_word' id='word_1_162' title='bbox 872 3147 1017 3215; x_wconf 89' lang='lat' dir='ltr'><strong>articulis</strong></span> <span class='ocrx_word' id='word_1_163' title='bbox 1042 3150 1217 3234; x_wconf 86' lang='lat' dir='ltr'><strong>brevibus,</strong></span> <span class='ocrx_word' id='word_1_164' title='bbox 1251 3154 1411 3221; x_wconf 87' lang='lat' dir='ltr'><strong>diametro</strong></span> <span class='ocrx_word' id='word_1_165' title='bbox 1433 3151 1757 3245; x_wconf 81' lang='lat' dir='ltr'><strong>sesqvilongioribns,</strong></span> 
     </span>
     <span class='ocr_line' id='line_1_21' title="bbox 310 3251 1757 3350; baseline -0.009 -20"><span class='ocrx_word' id='word_1_166' title='bbox 310 3265 448 3343; x_wconf 75' lang='lat' dir='ltr'><strong>strictis,</strong></span> <span class='ocrx_word' id='word_1_167' title='bbox 471 3262 556 3327; x_wconf 88' lang='lat' dir='ltr'><strong>inter</strong></span> <span class='ocrx_word' id='word_1_168' title='bbox 572 3281 650 3348; x_wconf 88' lang='lat' dir='ltr'><strong>qvas</strong></span> <span class='ocrx_word' id='word_1_169' title='bbox 666 3254 735 3321; x_wconf 85' lang='lat' dir='ltr'><strong>aliae</strong></span> <span class='ocrx_word' id='word_1_170' title='bbox 756 3271 933 3339; x_wconf 84' lang='lat' dir='ltr'><strong>exsurgunt</strong></span> <span class='ocrx_word' id='word_1_171' title='bbox 948 3251 1141 3335; x_wconf 76' lang='lat' dir='ltr'><strong>longiores,</strong></span> <span class='ocrx_word' id='word_1_172' title='bbox 1159 3257 1242 3327; x_wconf 85' lang='lat' dir='ltr'><strong>duos</strong></span> <span class='ocrx_word' id='word_1_173' title='bbox 1264 3277 1370 3325; x_wconf 90' lang='lat' dir='ltr'><strong>tresve</strong></span> <span class='ocrx_word' id='word_1_174' title='bbox 1391 3257 1528 3350; x_wconf 81' lang='lat' dir='ltr'><strong>pollices</strong></span> <span class='ocrx_word' id='word_1_175' title='bbox 1549 3257 1673 3342; x_wconf 83' lang='lat' dir='ltr'><strong>longae,</strong></span> <span class='ocrx_word' id='word_1_176' title='bbox 1695 3253 1757 3319; x_wconf 90' lang='lat' dir='ltr'><strong>de-</strong></span> 
     </span>
     <span class='ocr_line' id='line_1_22' title="bbox 311 3356 1757 3449; baseline -0.008 -17"><span class='ocrx_word' id='word_1_177' title='bbox 311 3368 409 3447; x_wconf 84' lang='lat' dir='ltr'><strong>biles,</strong></span> <span class='ocrx_word' id='word_1_178' title='bbox 435 3362 597 3441; x_wconf 79' lang='lat' dir='ltr'><strong>flaccidae,</strong></span> <span class='ocrx_word' id='word_1_179' title='bbox 619 3382 775 3440; x_wconf 83' lang='lat' dir='ltr'><strong>ramosae,</strong></span> <span class='ocrx_word' id='word_1_180' title='bbox 800 3356 924 3449; x_wconf 87' lang='lat' dir='ltr'><strong>pallide</strong></span> <span class='ocrx_word' id='word_1_181' title='bbox 940 3381 1061 3440; x_wconf 82' lang='lat' dir='ltr'><strong>roseae,</strong></span> <span class='ocrx_word' id='word_1_182' title='bbox 1086 3363 1228 3432; x_wconf 77' lang='lat' dir='ltr'><strong>strictae..</strong></span> <span class='ocrx_word' id='word_1_183' title='bbox 1248 3364 1358 3437; x_wconf 74' lang='lat' dir='ltr'><strong>,Rani</strong></span> <span class='ocrx_word' id='word_1_184' title='bbox 1373 3364 1501 3441; x_wconf 86' lang='lat' dir='ltr'><strong>alterni,</strong></span> <span class='ocrx_word' id='word_1_185' title='bbox 1528 3361 1680 3447; x_wconf 81' lang='lat' dir='ltr'><strong>elongati,</strong></span> <span class='ocrx_word' id='word_1_186' title='bbox 1702 3361 1757 3422; x_wconf 91' lang='lat' dir='ltr'><strong>in·</strong></span> 
     </span>
     <span class='ocr_line' id='line_1_23' title="bbox 314 3461 1756 3554; baseline -0.008 -19"><span class='ocrx_word' id='word_1_187' title='bbox 314 3471 448 3537; x_wconf 87' lang='lat' dir='ltr'><strong>seriores</strong></span> <span class='ocrx_word' id='word_1_188' title='bbox 470 3467 607 3546; x_wconf 88' lang='lat' dir='ltr'><strong>remoti,</strong></span> <span class='ocrx_word' id='word_1_189' title='bbox 625 3465 754 3532; x_wconf 83' lang='lat' dir='ltr'><strong>inferne</strong></span> <span class='ocrx_word' id='word_1_190' title='bbox 776 3461 961 3554; x_wconf 85' lang='lat' dir='ltr'><strong>simplices,</strong></span> <span class='ocrx_word' id='word_1_191' title='bbox 986 3487 1129 3551; x_wconf 88' lang='lat' dir='ltr'><strong>superne</strong></span> <span class='ocrx_word' id='word_1_192' title='bbox 1152 3469 1290 3543; x_wconf 84' lang='lat' dir='ltr'><strong>ramosi,</strong></span> <span class='ocrx_word' id='word_1_193' title='bbox 1316 3467 1369 3532; x_wconf 84' lang='lat' dir='ltr'><strong>vel</strong></span> <span class='ocrx_word' id='word_1_194' title='bbox 1393 3470 1420 3531; x_wconf 92' lang='lat' dir='ltr'><strong>si</strong></span> <span class='ocrx_word' id='word_1_195' title='bbox 1443 3466 1538 3544; x_wconf 76' lang='lat' dir='ltr'><strong>velis,</strong></span> <span class='ocrx_word' id='word_1_196' title='bbox 1565 3463 1756 3538; x_wconf 89' lang='lat' dir='ltr'><strong>dichotomi,</strong></span> 
     </span>
     <span class='ocr_line' id='line_1_24' title="bbox 318 3562 1756 3654; baseline -0.003 -24"><span class='ocrx_word' id='word_1_197' title='bbox 318 3573 501 3653; x_wconf 80' lang='lat' dir='ltr'><strong>superiores</strong></span> <span class='ocrx_word' id='word_1_198' title='bbox 517 3593 592 3632; x_wconf 92' lang='lat' dir='ltr'><strong>cum</strong></span> <span class='ocrx_word' id='word_1_199' title='bbox 605 3569 740 3632; x_wconf 86' lang='lat' dir='ltr'><strong>ramulis</strong></span> <span class='ocrx_word' id='word_1_200' title='bbox 757 3567 936 3630; x_wconf 84' lang='lat' dir='ltr'><strong>densiores.</strong></span> <span class='ocrx_word' id='word_1_201' title='bbox 981 3562 1122 3629; x_wconf 86' lang='lat' dir='ltr'><strong>Articuli</strong></span> <span class='ocrx_word' id='word_1_202' title='bbox 1139 3564 1300 3633; x_wconf 87' lang='lat' dir='ltr'><strong>diametro</strong></span> <span class='ocrx_word' id='word_1_203' title='bbox 1313 3564 1392 3654; x_wconf 86' lang='lat' dir='ltr'><strong>5plo</strong></span> <span class='ocrx_word' id='word_1_204' title='bbox 1416 3566 1602 3647; x_wconf 83' lang='lat' dir='ltr'><strong>longiores,</strong></span> <span class='ocrx_word' id='word_1_205' title='bbox 1627 3568 1661 3626; x_wconf 93' lang='lat' dir='ltr'><strong>in</strong></span> <span class='ocrx_word' id='word_1_206' title='bbox 1682 3565 1756 3651; x_wconf 84' lang='lat' dir='ltr'><strong>api-</strong></span> 
     </span>
     <span class='ocr_line' id='line_1_25' title="bbox 319 3663 1754 3748; baseline 0 -19"><span class='ocrx_word' id='word_1_207' title='bbox 319 3667 409 3729; x_wconf 85' lang='lat' dir='ltr'><strong>cibus</strong></span> <span class='ocrx_word' id='word_1_208' title='bbox 425 3665 628 3730; x_wconf 83' lang='lat' dir='ltr'><strong>ramalorum</strong></span> <span class='ocrx_word' id='word_1_209' title='bbox 644 3666 827 3745; x_wconf 85' lang='lat' dir='ltr'><strong>breviores,</strong></span> <span class='ocrx_word' id='word_1_210' title='bbox 852 3670 939 3734; x_wconf 82' lang='lat' dir='ltr'><strong>striis</strong></span> <span class='ocrx_word' id='word_1_211' title='bbox 953 3668 1047 3732; x_wconf 89' lang='lat' dir='ltr'><strong>&#39;binis</strong></span> <span class='ocrx_word' id='word_1_212' title='bbox 1070 3665 1122 3732; x_wconf 88' lang='lat' dir='ltr'><strong>vel</strong></span> <span class='ocrx_word' id='word_1_213' title='bbox 1147 3668 1247 3731; x_wconf 85' lang='lat' dir='ltr'><strong>ternis</strong></span> <span class='ocrx_word' id='word_1_214' title='bbox 1270 3670 1439 3732; x_wconf 87' lang='lat' dir='ltr'><strong>eruciatim</strong></span> <span class='ocrx_word' id='word_1_215' title='bbox 1463 3663 1754 3748; x_wconf 86' lang='lat' dir='ltr'><strong>longitudiualibus</strong></span> 
     </span>
     <span class='ocr_line' id='line_1_26' title="bbox 316 3765 1755 3862; baseline 0 -31"><span class='ocrx_word' id='word_1_216' title='bbox 316 3765 539 3858; x_wconf 88' lang='lat' dir='ltr'><strong>pulcherrime</strong></span> <span class='ocrx_word' id='word_1_217' title='bbox 551 3767 643 3857; x_wconf 89' lang='lat' dir='ltr'><strong>picti.</strong></span> <span class='ocrx_word' id='word_1_218' title='bbox 689 3770 828 3834; x_wconf 87' lang='lat' dir='ltr'><strong>Fructus</strong></span> <span class='ocrx_word' id='word_1_219' title='bbox 843 3774 1047 3853; x_wconf 84' lang='lat' dir='ltr'><strong>rarissimus;</strong></span> <span class='ocrx_word' id='word_1_220' title='bbox 1072 3767 1247 3862; x_wconf 86' lang='lat' dir='ltr'><strong>Capsulam</strong></span> <span class='ocrx_word' id='word_1_221' title='bbox 1262 3771 1361 3836; x_wconf 85' lang='lat' dir='ltr'><strong>semel</strong></span> <span class='ocrx_word' id='word_1_222' title='bbox 1379 3772 1447 3836; x_wconf 79' lang='lat' dir='ltr'><strong>vidi</strong></span> <span class='ocrx_word' id='word_1_223' title='bbox 1468 3787 1596 3837; x_wconf 83' lang='lat' dir='ltr'><strong>ovatum</strong></span> <span class='ocrx_word' id='word_1_224' title='bbox 1610 3766 1755 3833; x_wconf 69' lang='lat' dir='ltr'><strong>sensilem</strong></span> 
     </span>
     <span class='ocr_line' id='line_1_27' title="bbox 314 3868 1754 3968; baseline 0 -31"><span class='ocrx_word' id='word_1_225' title='bbox 314 3870 419 3937; x_wconf 90' lang='lat' dir='ltr'><strong>limbo</strong></span> <span class='ocrx_word' id='word_1_226' title='bbox 435 3868 602 3961; x_wconf 86' lang='lat' dir='ltr'><strong>pellucido</strong></span> <span class='ocrx_word' id='word_1_227' title='bbox 619 3874 759 3939; x_wconf 83' lang='lat' dir='ltr'><strong>cinctam</strong></span> <span class='ocrx_word' id='word_1_228' title='bbox 775 3874 817 3938; x_wconf 87' lang='lat' dir='ltr'><strong>ad</strong></span> <span class='ocrx_word' id='word_1_229' title='bbox 832 3873 915 3942; x_wconf 86' lang='lat' dir='ltr'><strong>latus</strong></span> <span class='ocrx_word' id='word_1_230' title='bbox 934 3880 1018 3942; x_wconf 87' lang='lat' dir='ltr'><strong>rami</strong></span> <span class='ocrx_word' id='word_1_231' title='bbox 1042 3876 1223 3968; x_wconf 83' lang='lat' dir='ltr'><strong>superioris</strong></span> <span class='ocrx_word' id='word_1_232' title='bbox 1246 3875 1353 3942; x_wconf 88' lang='lat' dir='ltr'><strong>sitam.</strong></span> <span class='ocrx_word' id='word_1_233' title='bbox 1400 3875 1502 3943; x_wconf 88' lang='lat' dir='ltr'><strong>Color</strong></span> <span class='ocrx_word' id='word_1_234' title='bbox 1526 3875 1670 3965; x_wconf 70' lang='lat' dir='ltr'><strong>caespitis</strong></span> <span class='ocrx_word' id='word_1_235' title='bbox 1693 3897 1754 3937; x_wconf 89' lang='lat' dir='ltr'><strong>ru-</strong></span> 
     </span>
     <span class='ocr_line' id='line_1_28' title="bbox 313 3972 1753 4061; baseline 0 -20"><span class='ocrx_word' id='word_1_236' title='bbox 313 3977 415 4054; x_wconf 90' lang='lat' dir='ltr'><strong>bens,</strong></span> <span class='ocrx_word' id='word_1_237' title='bbox 447 3972 578 4039; x_wconf 87' lang='lat' dir='ltr'><strong>filorum</strong></span> <span class='ocrx_word' id='word_1_238' title='bbox 597 3976 806 4061; x_wconf 84' lang='lat' dir='ltr'><strong>singulorum</strong></span> <span class='ocrx_word' id='word_1_239' title='bbox 830 3978 933 4047; x_wconf 83' lang='lat' dir='ltr'><strong>diluta</strong></span> <span class='ocrx_word' id='word_1_240' title='bbox 951 4000 1081 4051; x_wconf 85' lang='lat' dir='ltr'><strong>roseus.</strong></span> <span class='ocrx_word' id='word_1_241' title='bbox 1135 3981 1324 4053; x_wconf 83' lang='lat' dir='ltr'><strong>Substantia</strong></span> <span class='ocrx_word' id='word_1_242' title='bbox 1345 3983 1609 4061; x_wconf 83' lang='lat' dir='ltr'><strong>membranacea,</strong></span> <span class='ocrx_word' id='word_1_243' title='bbox 1633 3996 1753 4044; x_wconf 87' lang='lat' dir='ltr'><strong>tenera.</strong></span> 
     </span>
     <span class='ocr_line' id='line_1_29' title="bbox 313 4072 924 4151; baseline 0.002 -2"><span class='ocrx_word' id='word_1_244' title='bbox 313 4082 400 4149; x_wconf 86' lang='lat' dir='ltr'><strong>Vere</strong></span> <span class='ocrx_word' id='word_1_245' title='bbox 411 4095 444 4142; x_wconf 92' lang='lat' dir='ltr'><strong>et</strong></span> <span class='ocrx_word' id='word_1_246' title='bbox 457 4084 576 4146; x_wconf 79' lang='lat' dir='ltr'><strong>estate.</strong></span> <span class='ocrx_word' id='word_1_247' title='bbox 624 4072 752 4150; x_wconf 66' lang='lat' dir='ltr'><strong>Char&#39;tae</strong></span> <span class='ocrx_word' id='word_1_248' title='bbox 765 4083 924 4151; x_wconf 87' lang='lat' dir='ltr'><strong>adhaeret.</strong></span> 
     </span>
    </p>
   </div>
   <div class='ocr_carea' id='block_1_9' title="bbox 185 4218 1754 4376">
    <p class='ocr_par' dir='ltr' id='par_1_10' title="bbox 185 4218 1754 4376">
     <span class='ocr_line' id='line_1_30' title="bbox 185 4218 683 4261; baseline -0.012 0"><span class='ocrx_word' id='word_1_249' title='bbox 185 4248 192 4261; x_wconf 83' lang='grc'><strong>.</strong></span> <span class='ocrx_word' id='word_1_250' title='bbox 663 4218 683 4255; x_wconf 67' lang='lat'>0</span> 
     </span>
     <span class='ocr_line' id='line_1_31' title="bbox 228 4274 1754 4376; baseline 0.003 -36"><span class='ocrx_word' id='word_1_251' title='bbox 228 4274 318 4342; x_wconf 81' lang='lat'><strong>0135.</strong></span> <span class='ocrx_word' id='word_1_252' title='bbox 365 4275 556 4342; x_wconf 83' lang='lat' dir='ltr'><strong>Substantia</strong></span> <span class='ocrx_word' id='word_1_253' title='bbox 573 4280 714 4345; x_wconf 90' lang='lat' dir='ltr'><strong>tenuiori</strong></span> <span class='ocrx_word' id='word_1_254' title='bbox 737 4298 768 4346; x_wconf 88' lang='lat' dir='ltr'><strong>et</strong></span> <span class='ocrx_word' id='word_1_255' title='bbox 783 4279 898 4349; x_wconf 87' lang='lat' dir='ltr'><strong>colore</strong></span> <span class='ocrx_word' id='word_1_256' title='bbox 914 4280 1064 4351; x_wconf 88' lang='lat' dir='ltr'><strong>dilutiori</strong></span> <span class='ocrx_word' id='word_1_257' title='bbox 1082 4287 1193 4376; x_wconf 88' lang='lat' dir='ltr'><strong>primo</strong></span> <span class='ocrx_word' id='word_1_258' title='bbox 1215 4284 1335 4349; x_wconf 89' lang='lat' dir='ltr'><strong>intuitu</strong></span> <span class='ocrx_word' id='word_1_259' title='bbox 1357 4306 1374 4344; x_wconf 86' lang='lat' dir='ltr'><strong>a</strong></span> <span class='ocrx_word' id='word_1_260' title='bbox 1395 4282 1603 4370; x_wconf 67' lang='lat' dir='ltr'><strong>precedente</strong></span> <span class='ocrx_word' id='word_1_261' title='bbox 1632 4279 1754 4345; x_wconf 88' lang='lat' dir='ltr'><strong>distin-</strong></span> 
     </span>
    </p>
   </div>
   <div class='ocr_carea' id='block_1_10' title="bbox 311 4380 1755 5201">
    <p class='ocr_par' dir='ltr' id='par_1_11' title="bbox 311 4380 1755 5201">
     <span class='ocr_line' id='line_1_32' title="bbox 311 4380 1755 4477; baseline 0.002 -32"><span class='ocrx_word' id='word_1_262' title='bbox 311 4380 431 4463; x_wconf 84' lang='lat' dir='ltr'><strong>gvitur.</strong></span> <span class='ocrx_word' id='word_1_263' title='bbox 457 4413 502 4429; x_wconf 93' lang='lat'><strong>-·</strong></span> <span class='ocrx_word' id='word_1_264' title='bbox 531 4381 775 4471; x_wconf 88' lang='lat' dir='ltr'><strong>Dissepimenta</strong></span> <span class='ocrx_word' id='word_1_265' title='bbox 799 4386 869 4451; x_wconf 88' lang='lat' dir='ltr'><strong>sive</strong></span> <span class='ocrx_word' id='word_1_266' title='bbox 889 4389 1037 4470; x_wconf 90' lang='lat' dir='ltr'><strong>genicula</strong></span> <span class='ocrx_word' id='word_1_267' title='bbox 1060 4388 1160 4468; x_wconf 85' lang='lat' dir='ltr'><strong>hujus</strong></span> <span class='ocrx_word' id='word_1_268' title='bbox 1180 4389 1320 4477; x_wconf 90' lang='lat' dir='ltr'><strong>speciei,</strong></span> <span class='ocrx_word' id='word_1_269' title='bbox 1347 4382 1636 4473; x_wconf 87' lang='lat' dir='ltr'><strong>(qvemadmodum</strong></span> <span class='ocrx_word' id='word_1_270' title='bbox 1657 4389 1755 4448; x_wconf 88' lang='lat' dir='ltr'><strong>etiam</strong></span> 
     </span>
     <span class='ocr_line' id='line_1_33' title="bbox 311 4482 1753 4574; baseline 0.001 -27"><span class='ocrx_word' id='word_1_271' title='bbox 311 4482 528 4547; x_wconf 83' lang='lat' dir='ltr'><strong>Hutcbinsiae</strong></span> <span class='ocrx_word' id='word_1_272' title='bbox 542 4488 740 4565; x_wconf 80' lang='lat' dir='ltr'><strong>urceolcctoe,</strong></span> <span class='ocrx_word' id='word_1_273' title='bbox 765 4486 947 4572; x_wconf 83' lang='lat' dir='ltr'><strong>byssoidis,</strong></span> <span class='ocrx_word' id='word_1_274' title='bbox 970 4490 1153 4556; x_wconf 84' lang='lat' dir='ltr'><strong>strictoidis</strong></span> <span class='ocrx_word' id='word_1_275' title='bbox 1167 4507 1199 4553; x_wconf 93' lang='lat' dir='ltr'><strong>et</strong></span> <span class='ocrx_word' id='word_1_276' title='bbox 1214 4490 1343 4562; x_wconf 73' lang='lat' dir='ltr'><strong>badim,</strong></span> <span class='ocrx_word' id='word_1_277' title='bbox 1365 4486 1406 4550; x_wconf 92' lang='lat' dir='ltr'><strong>de</strong></span> <span class='ocrx_word' id='word_1_278' title='bbox 1428 4485 1548 4574; x_wconf 89' lang='lat' dir='ltr'><strong>qvibus</strong></span> <span class='ocrx_word' id='word_1_279' title='bbox 1571 4486 1637 4566; x_wconf 87' lang='lat' dir='ltr'><strong>jam</strong></span> <span class='ocrx_word' id='word_1_280' title='bbox 1659 4502 1753 4549; x_wconf 87' lang='lat' dir='ltr'><strong>antea</strong></span> 
     </span>
     <span class='ocr_line' id='line_1_34' title="bbox 314 4584 1753 4679; baseline 0.001 -31"><span class='ocrx_word' id='word_1_281' title='bbox 314 4585 383 4648; x_wconf 87' lang='lat' dir='ltr'><strong>suis</strong></span> <span class='ocrx_word' id='word_1_282' title='bbox 398 4584 483 4653; x_wconf 85' lang='lat' dir='ltr'><strong>loeis</strong></span> <span class='ocrx_word' id='word_1_283' title='bbox 499 4590 646 4670; x_wconf 87' lang='lat' dir='ltr'><strong>monui),</strong></span> <span class='ocrx_word' id='word_1_284' title='bbox 671 4592 761 4655; x_wconf 91' lang='lat' dir='ltr'><strong>intus</strong></span> <span class='ocrx_word' id='word_1_285' title='bbox 776 4588 888 4653; x_wconf 87' lang='lat' dir='ltr'><strong>medio</strong></span> <span class='ocrx_word' id='word_1_286' title='bbox 904 4611 979 4655; x_wconf 88' lang='lat' dir='ltr'><strong>esse</strong></span> <span class='ocrx_word' id='word_1_287' title='bbox 992 4591 1170 4679; x_wconf 80' lang='lat' dir='ltr'><strong>perforata,</strong></span> <span class='ocrx_word' id='word_1_288' title='bbox 1196 4591 1276 4655; x_wconf 88' lang='lat' dir='ltr'><strong>adeo</strong></span> <span class='ocrx_word' id='word_1_289' title='bbox 1294 4606 1328 4653; x_wconf 91' lang='lat' dir='ltr'><strong>ut</strong></span> <span class='ocrx_word' id='word_1_290' title='bbox 1343 4590 1433 4653; x_wconf 86' lang='lat' dir='ltr'><strong>striis</strong></span> <span class='ocrx_word' id='word_1_291' title='bbox 1448 4585 1753 4670; x_wconf 88' lang='lat' dir='ltr'><strong>longitudiualibus,</strong></span> 
     </span>
     <span class='ocr_line' id='line_1_35' title="bbox 315 4687 1754 4779; baseline 0.003 -30"><span class='ocrx_word' id='word_1_292' title='bbox 315 4688 409 4774; x_wconf 84' lang='lat' dir='ltr'><strong>(qvas</strong></span> <span class='ocrx_word' id='word_1_293' title='bbox 423 4687 555 4752; x_wconf 81' lang='lat' dir='ltr'><strong>tubulos</strong></span> <span class='ocrx_word' id='word_1_294' title='bbox 571 4692 775 4779; x_wconf 83' lang='lat' dir='ltr'><strong>cylindricos</strong></span> <span class='ocrx_word' id='word_1_295' title='bbox 796 4689 875 4755; x_wconf 89' lang='lat' dir='ltr'><strong>dicit</strong></span> <span class='ocrx_word' id='word_1_296' title='bbox 890 4691 1108 4779; x_wconf 78' lang='lat' dir='ltr'><strong>Dillwynius,</strong></span> <span class='ocrx_word' id='word_1_297' title='bbox 1133 4709 1166 4757; x_wconf 91' lang='lat' dir='ltr'><strong>et</strong></span> <span class='ocrx_word' id='word_1_298' title='bbox 1187 4693 1322 4757; x_wconf 83' lang='lat' dir='ltr'><strong>canales</strong></span> <span class='ocrx_word' id='word_1_299' title='bbox 1343 4690 1563 4775; x_wconf 82' lang='lat' dir='ltr'><strong>Agardhius),</strong></span> <span class='ocrx_word' id='word_1_300' title='bbox 1587 4690 1673 4754; x_wconf 89' lang='lat' dir='ltr'><strong>liber</strong></span> <span class='ocrx_word' id='word_1_301' title='bbox 1695 4715 1754 4779; x_wconf 89' lang='lat' dir='ltr'><strong>per</strong></span> 
     </span>
     <span class='ocr_line' id='line_1_36' title="bbox 315 4792 1754 4887; baseline 0.005 -37"><span class='ocrx_word' id='word_1_302' title='bbox 315 4812 352 4851; x_wconf 85' lang='lat' dir='ltr'><strong>ea</strong></span> <span class='ocrx_word' id='word_1_303' title='bbox 370 4792 527 4855; x_wconf 88' lang='lat' dir='ltr'><strong>transitus</strong></span> <span class='ocrx_word' id='word_1_304' title='bbox 542 4810 671 4882; x_wconf 88' lang='lat' dir='ltr'><strong>pateat,</strong></span> <span class='ocrx_word' id='word_1_305' title='bbox 697 4794 733 4860; x_wconf 93' lang='lat' dir='ltr'><strong>id</strong></span> <span class='ocrx_word' id='word_1_306' title='bbox 747 4796 888 4860; x_wconf 89' lang='lat' dir='ltr'><strong>cruciata</strong></span> <span class='ocrx_word' id='word_1_307' title='bbox 900 4793 953 4860; x_wconf 89' lang='lat' dir='ltr'><strong>vel</strong></span> <span class='ocrx_word' id='word_1_308' title='bbox 968 4794 1209 4861; x_wconf 89' lang='lat' dir='ltr'><strong>rhomboidalis</strong></span> <span class='ocrx_word' id='word_1_309' title='bbox 1232 4798 1388 4862; x_wconf 89' lang='lat' dir='ltr'><strong>striarum</strong></span> <span class='ocrx_word' id='word_1_310' title='bbox 1409 4794 1606 4887; x_wconf 88' lang='lat' dir='ltr'><strong>dispositio,</strong></span> <span class='ocrx_word' id='word_1_311' title='bbox 1632 4818 1702 4882; x_wconf 76' lang='lat' dir='ltr'><strong>qvae</strong></span> <span class='ocrx_word' id='word_1_312' title='bbox 1719 4795 1754 4857; x_wconf 93' lang='lat' dir='ltr'><strong>in</strong></span> 
     </span>
     <span class='ocr_line' id='line_1_37' title="bbox 316 4892 1753 4990; baseline 0.001 -35"><span class='ocrx_word' id='word_1_313' title='bbox 316 4892 487 4958; x_wconf 88' lang='lat' dir='ltr'><strong>articulum</strong></span> <span class='ocrx_word' id='word_1_314' title='bbox 504 4896 650 4960; x_wconf 90' lang='lat' dir='ltr'><strong>vicinum</strong></span> <span class='ocrx_word' id='word_1_315' title='bbox 673 4897 788 4963; x_wconf 88' lang='lat' dir='ltr'><strong>eadem</strong></span> <span class='ocrx_word' id='word_1_316' title='bbox 809 4899 936 4965; x_wconf 87' lang='lat' dir='ltr'><strong>ratione</strong></span> <span class='ocrx_word' id='word_1_317' title='bbox 955 4898 1191 4990; x_wconf 88' lang='lat' dir='ltr'><strong>prolongatur,</strong></span> <span class='ocrx_word' id='word_1_318' title='bbox 1224 4901 1396 4985; x_wconf 86' lang='lat' dir='ltr'><strong>indigitare</strong></span> <span class='ocrx_word' id='word_1_319' title='bbox 1418 4900 1559 4965; x_wconf 86' lang='lat' dir='ltr'><strong>videtur.</strong></span> <span class='ocrx_word' id='word_1_320' title='bbox 1603 4897 1753 4962; x_wconf 87' lang='lat' dir='ltr'><strong>Siccitate</strong></span> 
     </span>
     <span class='ocr_line' id='line_1_38' title="bbox 313 4997 1752 5094; baseline 0 -35"><span class='ocrx_word' id='word_1_321' title='bbox 313 5019 383 5061; x_wconf 91' lang='lat' dir='ltr'><strong>non</strong></span> <span class='ocrx_word' id='word_1_322' title='bbox 399 5013 561 5094; x_wconf 79' lang='lat' dir='ltr'><strong>mutatur,</strong></span> <span class='ocrx_word' id='word_1_323' title='bbox 585 4997 652 5060; x_wconf 91' lang='lat' dir='ltr'><strong>nisi</strong></span> <span class='ocrx_word' id='word_1_324' title='bbox 666 4999 756 5086; x_wconf 86' lang='lat' dir='ltr'><strong>qvod</strong></span> <span class='ocrx_word' id='word_1_325' title='bbox 773 5002 881 5079; x_wconf 74' lang='lat' dir='ltr'><strong>striae,</strong></span> <span class='ocrx_word' id='word_1_326' title='bbox 907 5025 978 5092; x_wconf 84' lang='lat' dir='ltr'><strong>qvae</strong></span> <span class='ocrx_word' id='word_1_327' title='bbox 994 5004 1029 5066; x_wconf 92' lang='lat' dir='ltr'><strong>in</strong></span> <span class='ocrx_word' id='word_1_328' title='bbox 1045 5007 1167 5069; x_wconf 77' lang='lat' dir='ltr'><strong>recenti</strong></span> <span class='ocrx_word' id='word_1_329' title='bbox 1184 5007 1367 5081; x_wconf 89' lang='lat' dir='ltr'><strong>tenuiores,</strong></span> <span class='ocrx_word' id='word_1_330' title='bbox 1392 5005 1535 5068; x_wconf 76' lang='lat' dir='ltr'><strong>incurvae</strong></span> <span class='ocrx_word' id='word_1_331' title='bbox 1558 5018 1589 5065; x_wconf 91' lang='lat' dir='ltr'><strong>ct</strong></span> <span class='ocrx_word' id='word_1_332' title='bbox 1604 4998 1752 5063; x_wconf 72' lang='lat' dir='ltr'><strong>cruciatae</strong></span> 
     </span>
     <span class='ocr_line' id='line_1_39' title="bbox 317 5100 1753 5201; baseline -0.001 -38"><span class='ocrx_word' id='word_1_333' title='bbox 317 5117 494 5188; x_wconf 83' lang='lat' dir='ltr'><strong>apparent,</strong></span> <span class='ocrx_word' id='word_1_334' title='bbox 520 5101 556 5162; x_wconf 90' lang='lat' dir='ltr'><strong>in</strong></span> <span class='ocrx_word' id='word_1_335' title='bbox 571 5100 693 5166; x_wconf 88' lang='lat' dir='ltr'><strong>siccata</strong></span> <span class='ocrx_word' id='word_1_336' title='bbox 705 5119 801 5169; x_wconf 73' lang='lat' dir='ltr'><strong>recta</strong></span> <span class='ocrx_word' id='word_1_337' title='bbox 816 5122 850 5171; x_wconf 91' lang='lat' dir='ltr'><strong>et</strong></span> <span class='ocrx_word' id='word_1_338' title='bbox 862 5103 1097 5173; x_wconf 87' lang='lat' dir='ltr'><strong>luculentiores</strong></span> <span class='ocrx_word' id='word_1_339' title='bbox 1121 5110 1156 5174; x_wconf 89' lang='lat' dir='ltr'><strong>in</strong></span> <span class='ocrx_word' id='word_1_340' title='bbox 1178 5123 1391 5196; x_wconf 86' lang='lat' dir='ltr'><strong>conspectum</strong></span> <span class='ocrx_word' id='word_1_341' title='bbox 1412 5107 1559 5201; x_wconf 72' lang='lat' dir='ltr'><strong>veniunt.</strong></span> <span class='ocrx_word' id='word_1_342' title='bbox 1580 5135 1622 5150; x_wconf 90' lang='lat'>-</span> <span class='ocrx_word' id='word_1_343' title='bbox 1646 5100 1753 5164; x_wconf 87' lang='lat' dir='ltr'><strong>Fruc-</strong></span> 
     </span>
    </p>
   </div>
   <div class='ocr_carea' id='block_1_11' title="bbox 1259 5212 1361 5297">
    <p class='ocr_par' dir='ltr' id='par_1_12' title="bbox 1259 5212 1361 5297">
     <span class='ocr_line' id='line_1_40' title="bbox 1259 5212 1361 5297; baseline -0.039 0"><span class='ocrx_word' id='word_1_344' title='bbox 1259 5212 1361 5297; x_wconf 85' lang='lat'>(15¹)</span> 
     </span>
    </p>
   </div>
   <div class='ocr_carea' id='block_1_12' title="bbox 0 0 2390 6106">
    <p class='ocr_par' dir='ltr' id='par_1_13' title="bbox 0 0 2390 6106">
     <span class='ocr_line' id='line_1_41' title="bbox 0 0 2390 6106; baseline 0 0"><span class='ocrx_word' id='word_1_345' title='bbox 0 0 2390 6106; x_wconf 95' lang='lat' dir='ltr'><strong> </strong></span> 
     </span>
    </p>
   </div>
  </div>
 </body>
</html>
