4728 6088
522 508 590 564 111
933 590 938 599 ι
1230 480 1502 557 PRAEFATIO.

472 696 566 785 sita
589 710 825 815 praeterea·
842 684 1150 810 late-patens,
1188 681 1544 810 fuitexplicatu
1569 717 1628 778 eo
1656 684 1918 803 difficilior,
1962 720 2055 812 qvo
2085 696 2246 783 minus

444 868 449 873 ·
472 841 562 930 rite
594 830 835 924 excultum
849 830 950 955 luit
973 826 1237 958 Algologiae
1259 832 1457 923 Danicae
1485 834 1796 947 territorium,
1814 872 1818 877 ·
1838 865 2022 957 qvoqve
2043 840 2250 958 paucio-

472 1011 547 1074 res
579 980 632 1067 in
651 976 784 1067 libris
803 978 1143 1065 Botanicorum
1162 978 1461 1066 Danicorum
1479 980 1662 1100 species
1680 1009 1769 1093 pro
1788 974 1956 1068 harum
1972 975 2250 1104 plantarum

472 1125 691 1214 ubertate
711 1117 896 1245 publici
916 1119 1030 1240 juris
1048 1117 1293 1243 hucusque
1310 1117 1446 1210 factae
1464 1117 1667 1212 fuerunt
1724 1124 1876 1244 Atqve
1898 1154 1958 1213 ne
1977 1125 2080 1214 sine
2099 1155 2249 1214 causa

471 1267 575 1359 haec
596 1269 769 1394 nugari
799 1266 1060 1377 existimer,
1100 1286 1331 1354 annotare
1356 1261 1599 1377 sufficiet,
1621 1297 1870 1359 numerum
1895 1264 2121 1394 Algarum
2144 1271 2249 1357 Da·

471 1417 689 1503 nicarum
697 1476 733 1523 ,.,
755 1408 1002 1532 hucusqve
1027 1405 1384 1535 provulgatum,
1429 1413 1738 1507 centesimum
1752 1442 1854 1503 non
1880 1409 2081 1501 multum
2106 1445 2249 1503 exee-

472 1554 598 1648 dere.
665 1555 883 1645 InFlora
899 1557 1125 1645 Damon,
1156 1574 1210 1643 ut
1231 1585 1289 1645 ex
1313 1559 1527 1675 seqventi
1558 1576 1823 1677 conspectu
1850 1554 2121 1678 apparebit,
2163 1575 2248 1664 115

470 1704 659 1824 species
680 1720 727 1792 et
751 1717 803 1808 15
821 1700 1088 1789 Varietates
1117 1702 1443 1808 continentur,
1481 1716 1528 1786 et
1552 1698 1604 1783 in
1623 1697 1849 1817 operibus
1874 1698 2248 1795 clarissimorum

469 1847 697 1939 .Vir0rum
716 1835 1062 1935 Schumoclzeri
1083 1863 1130 1933 et
1143 1846 1480 1933 Homcmanm'
1496 1869 1662 1964 paucae
1684 1833 1832 1927 modo
1855 1845 2040 1959 species
2059 1864 2248 1934 exstant

471 1980 747 2113 descripta
797 1988 923 2076 Hinc
949 1988 1092 2076 etiam
1117 2016 1312 2076 necesse
1336 1983 1449 2096 fuit,
1482 2004 1536 2072 ut
1553 1981 1711 2075 multae
1730 2012 1866 2072 novae
1895 1981 2245 2106 descriptiones

472 2153 629 2228 essent
652 2127 976 2231 elaboranda,
1009 2149 1169 2253 atqve,
1202 2131 1459 2251 qvaestione
1481 2124 1758 2255 academica
1778 2122 1996 2217 ordinem
2016 2148 2246 2251 systema-

469 2284 620 2371 ticum
648 2271 943 2399 postulante,
1004 2304 1113 2363 cum
1145 2271 1279 2364 filum
1305 2275 1568 2397 systematis
1596 2269 1889 2362 Ariadneum
1927 2270 2046 2361 mihi
2075 2269 2243 2386 defuit,

421 2440 561 2515 ‘nec
589 2424 642 2508 in
672 2418 876 2511 aliorum
900 2417 1147 2509 laboribus
1178 2415 1324 2539 plane
1348 2421 1647 2541 acquiescere
1672 2421 1832 2540 potui,
1869 2448 2050 2511 novum
2077 2416 2245 2543 dispo·

469 2567 658 2662 sitionis
688 2593 836 2692 genus
860 2561 937 2657 vel
963 2592 1144 2656 novum
1170 2583 1395 2686 systema,
1446 2565 1487 2650 si
1511 2567 1579 2651 ita
1603 2559 1762 2655 dicere
1788 2558 1920 2677 licet,
1972 2584 2095 2654 esset
2124 2593 2244 2654 con·
2330 2612 2334 2619 ·

471 2708 696 2805 dandum.
815 2830 819 2839 Ι
1990 2686 1993 2695 “
2127 2795 2131 2802 .

596 2859 683 2946 His
708 2856 851 2983 igitur
875 2848 1049 2966 allatis,
1089 2855 1212 2945 ratio
1231 2853 1328 2976 jam
1346 2856 1515 2978 paucis
1541 2849 1787 2946 reddenda
1812 2877 1881 2946 est
1909 2856 2241 2980 dispositionis

467 3003 595 3098 illius
620 3001 949 3124 systematicae,
1002 3031 1101 3122 qvae
1131 3002 1184 3086 in
1210 2996 1306 3088 hoc
1339 3030 1485 3121 opere
1509 3020 1739 3121 usurpata
1764 3002 2030 3122 peritorum
2055 2994 2241 3117 judicio

428 3166 433 3173 '
467 3153 565 3273 jam
587 3146 847 3266 subjicitur.
921 3147 990 3232 Ex
1014 3139 1204 3232 Tabula
1231 3145 1507 3267 synoptica,
1549 3173 1649 3263 qvae
1676 3146 1853 3265 primas
1883 3143 2063 3234 ordinis
2093 3164 2243 3266 syste-

467 3295 634 3389 matici
650 3288 801 3382 lineas
831 3286 1102 3400 adumbrat,
1139 3289 1316 3377 Lector
1338 3286 1600 3379 benevolus
1623 3319 1722 3377 uno
1751 3290 1883 3409 qvasi
1910 3288 2081 3378 obtutu
2101 3284 2243 3376 intel-

467 3441 584 3568 liget
613 3434 851 3548 ordinem,
901 3436 953 3522 in
980 3464 1118 3555 qvem
1141 3428 1461 3556 Hydrophyta
1486 3435 1678 3523 Danica
1703 3431 1785 3524 hic
1811 3430 2044 3553 disposita
2072 3460 2242 3522 occur-

468 3605 598 3695 runt,
632 3603 679 3671 et
698 3577 811 3668 inde
836 3578 985 3705 cuivis
1008 3574 1149 3660 facile
1167 3575 1372 3692 patebit,
1412 3579 1462 3660 in
1483 3573 1802 3694 dispositione
1823 3608 1900 3666 me
1918 3579 2050 3699 prius
2075 3576 2136 3664 ad
2154 3576 2243 3664 ha·

467 3733 623 3823 bitum
652 3742 920 3829 externum,
970 3744 1111 3838 qvam
1143 3711 1205 3803 ad
1232 3711 1441 3804 fructum
1469 3721 1745 3839 respexisse.
1816 3720 2027 3806 Primum
2051 3718 2244 3837 qvidem

473 3902 597 4000 opus
621 3858 915 3992 aggredienti
937 3878 1092 3946 totum
1116 3879 1358 3947 tentamen
1381 3860 1513 4015 juxta
1542 3857 1749 3944 fructum
1775 3852 2031 3978 disponere
2053 3862 2241 3954 animus

469 4017 582 4122 fuit3
606 4005 692 4098 sed
708 3996 1112 4121 Thalassiophyta
1138 3999 1370 4086 continua
1392 3997 1490 4084 sive
1509 3992 1828 4116 Phycoidata,
1862 4032 2062 4123 qvorum
2079 4024 2242 4097 tamen

462 4158 650 4251 ,fructus
674 4143 844 4239 melius
871 4171 1010 4265 qvam
1038 4162 1304 4232 ceterorum
1326 4136 1600 4233 enucleatus
1623 4137 1719 4233 dici
1741 4166 1921 4268 potest,
1966 4145 2238 4264 obstabant,

474 4333 566 4427 qvo
594 4296 750 4387 minus
771 4287 868 4379 hoc
889 4288 1195 4411 propositum
1220 4278 1469 4412 exegerim.
1535 4287 1671 4377 Licet
1700 4291 1827 4378 enim
1850 4286 1989 4413 plura
2008 4292 2239 4414 praelata

475 4474 624 4608 opera
634 4433 715 4527 ad
739 4440 908 4524 harum
932 4428 1202 4554 plantarum
1222 4426 1428 4519 fructum
1453 4428 1843 4557 cognoscendum
1867 4431 2107 4557 symbolas
2126 4470 2238 4530 suas

470 4591 677 4684 maxime
697 4571 993 4670 aestimandas
1015 4573 1320 4688 contulerint,
1353 4577 1518 4665 omnia
1538 4598 1697 4667 tamen
1714 4576 1809 4668 huc
1828 4584 2094 4701 spectantia
2112 4613 2237 4674 non-

474 4732 630 4825 dum
618 4750 685 4817 rta
716 4727 767 4812 in
794 4718 1027 4844 liquidum
1057 4717 1289 4843 perducta
1316 4741 1444 4833 sunt,
1492 4742 1545 4810 ut
1568 4721 1626 4810 iis
1656 4742 1880 4844 tanqvam
1902 4720 2039 4815 firmo
2063 4723 2237 4818 funda-

473 4896 635 4972 mento
667 4867 918 4960 aedificium
951 4868 1214 4989 systematis
1247 4868 1507 4989 superstrui
1535 4868 1707 4989 possit,
1763 4873 2063 4962 econtrario
2094 4862 2240 4997 plura

477 5024 625 5118 dubia
642 5015 799 5149 adbuc
817 5032 1018 5125 restant,
1050 5032 1096 5103 et
1112 5011 1216 5105 sine
1240 5005 1390 5103 dubio
1416 5012 1674 5105 etiamnum
1690 5009 1774 5103 diu
1795 4994 2062 5128 restabunt3
2092 5046 2232 5140 qvare
