4728 6088
528 442 560 494 ι
1043 384 1047 391 ’
1221 418 1494 492 rametam.
1597 527 1600 539 Ι

477 650 586 716 cum
612 615 710 712 Cel.
732 618 988 743 Hofmanu
1011 620 1203 745 Bangio
1229 621 1320 711 iter
1342 624 1393 710 in
1418 622 1706 748 Norvegiam
1727 621 1885 716 facere
1910 622 2028 714 mihi
2057 656 2246 717 succes·

449 770 609 878 serit,
653 765 704 850 in
730 793 822 885 qvo
850 764 953 887 ipse
976 759 1137 853 littora
1159 761 1299 882 hujus
1331 770 1467 892 regni
1497 765 1559 856 ad
1581 763 1830 858 meridiem
1853 776 2117 894 vergentia,
2157 775 2246 859 im-

474 913 640 1038 primis
668 909 791 998 inter
816 905 999 1031 oppida
1014 906 1223 997 Arendal
1247 931 1293 998 et
1311 889 1662 1001 Oster-Riisber
1679 914 1789 1026 sita,
1821 945 1897 1003 me
1921 916 2249 1040 investigatio-

411 1114 413 1119 ·
474 1088 591 1146 num
610 1055 746 1144 socio
777 1072 1007 1164 assumto,
1045 1051 1368 1174 perlustravit,
1410 1055 1559 1175 iisqve
1588 1057 1948 1148 excursionibus
1970 1053 2249 1148 Thalassio-

474 1198 624 1327 phyta
640 1200 709 1287 ibi
730 1197 874 1289 obvia
891 1193 1141 1324 diligenter
1161 1201 1443 1324 investigata
1465 1220 1588 1311 sunt,
1620 1222 1667 1289 et
1683 1182 1924 1291 nonnullae
1945 1205 2089 1293 etiam
2107 1234 2248 1294 novae

476 1347 661 1470 species
684 1340 933 1468 indagatae.
1002 1346 1111 1432 Hoc
1129 1344 1297 1433 itinere
1316 1363 1536 1467 peracto,
1574 1374 1683 1432 cum
1702 1342 1898 1436 domum
1915 1377 2152 1438 reversum
2175 1377 2249 1437 es-

477 1511 550 1582 set
587 1510 634 1580 et
673 1484 1019 1611 descriptiones
1058 1487 1274 1610 inceptas
1313 1490 1612 1610 systematice
1647 1488 1902 1614 dispositas
1940 1495 2246 1618 peregissem,

476 1635 930 1727 commentationem
952 1631 1101 1745 illam,
1137 1636 1216 1723 cui
1238 1631 1587 1721 inscribebatur
1612 1634 1656 1718 T
1650 1654 1874 1724 antuman
1899 1636 2247 1760 algologicum,

477 1811 686 1871 unacum
719 1775 1120 1868 delineationibus
1160 1774 1221 1866 ad
1252 1777 1620 1867 Universitatem
1649 1771 1959 1867 Hafniensem
1992 1783 2122 1893 misi,
2185 1775 2250 1867 ad

473 1925 741 2052 praemium
769 1926 1057 2045 expositum,
1099 1926 1142 2013 si
1168 1918 1267 2012 fors
1294 1923 1362 2011 ita
1389 1916 1569 2033 tulerit,
1607 1916 1922 2010 obtinendum
1948 1945 2250 2013 concertatu-

476 2103 569 2162 rus.
635 2069 752 2159 Voti
779 2069 922 2156 etiam
945 2098 1146 2190 compos
1166 2062 1361 2175 fiebam;
1401 2062 1576 2154 accidit
1598 2068 1744 2177 enim,
1781 2086 1835 2154 ut
1864 2061 1924 2152 ad
1950 2064 2132 2156 natales
2154 2070 2250 2158 Re-

477 2195 548 2345 gis
579 2213 730 2303 nostri
766 2207 1119 2303 clementissimi
1158 2228 1264 2331 18¹7
1299 2210 1543 2300 brabaeum
1580 2241 1637 2299 ex
1665 2212 1901 2301 sententia
1938 2211 2273 2332 reportarem,

474 2366 537 2452 At
555 2361 683 2450 enim
701 2387 840 2490 vero,
875 2359 1057 2446 cumin
1081 2352 1399 2482 Hydroph‘yta
1425 2358 1612 2446 animus
1635 2357 1730 2476 jam
1754 2378 1854 2445 erat
1877 2357 2109 2472 intentus,
2146 2388 2250 2447 om-

475 2506 618 2595 nibus
645 2497 958 2625 posthabitis,
994 2504 1158 2610 statui,
1202 2522 1360 2587 aestate
1385 2503 1591 2592 irruente
1618 2503 1707 2592 iter
1736 2498 2058 2628 algologicum
2090 2502 2152 2590 ad
2176 2507 2252 2588 in-

476 2647 603 2743 sulas
629 2648 896 2732 Faeroenses
922 2647 1187 2763 suscipere;
1235 2636 1418 2731 credidi
1449 2641 1576 2729 enim
1606 2640 1667 2727 ad
1694 2641 1856 2733 littora
1879 2644 2049 2735 harum
2073 2642 2253 2734 insula-

477 2826 603 2919 rum,
640 2819 738 2912 qvae
756 2788 808 2872 in
823 2805 959 2876 vasto
979 2813 1164 2875 oceano
1185 2804 1282 2870 tam
1302 2781 1514 2874 solitarie
1539 2805 1585 2873 et
1608 2815 1635 2872 a
1654 2789 1811 2907 patria
1827 2808 1925 2876 tam
1948 2812 2130 2879 remote
2149 2792 2251 2880 sitae

479 2959 605 3063 sunt,
640 2930 784 3058 Algas
808 2926 1054 3020 abundare
1083 2949 1129 3018 et
1150 2923 1406 3018 nonnullas
1433 2925 1596 3018 forsan
1619 2960 1769 3019 novas
1798 2928 1937 3047 hujus
1964 2931 2113 3020 tribus
2143 2964 2252 3056 spe·

481 3088 577 3178 cies
600 3081 668 3168 ibi
693 3108 795 3168 esse
822 3072 1153 3183 inveniendae
1196 3104 1288 3196 qvo
1318 3071 1403 3161 ubi
1431 3075 1772 3195 pervenissem,
1812 3071 1939 3166 hanc
1961 3107 2117 3166 meam
2136 3108 2254 3167 con-

479 3202 710 3353 jecturam
739 3216 870 3313 haud
898 3223 1091 3312 inanem
1113 3215 1260 3309 fuisse
1287 3218 1469 3328 iuveni;
1509 3248 1691 3345 magnae
1723 3220 1851 3309 enim
1876 3219 2254 3344 Thalassiophy-

481 3396 642 3467 tomm
671 3366 894 3460 cohortes
920 3366 1119 3490 rupibus
1143 3361 1455 3453 adnascentes
1483 3361 1633 3453 oculis
1661 3362 2031 3483 objiciebantur,
2063 3388 2109 3458 et
2132 3398 2254 3491 prae-

482 3542 554 3610 ter
570 3516 775 3634 majores
792 3515 967 3617 Fucos,
1006 3540 1207 3626 quorum
1231 3506 1452 3595 nonnulli
1476 3513 1528 3593 in
1551 3511 1830 3598 immensam
1849 3508 2027 3600 molem
2047 3514 2098 3598 in
2124 3513 2256 3600 sinu·

480 3664 571 3754 bus
585 3654 664 3748 'ibi
685 3669 986 3762 excrescunt,
1017 3644 1177 3772 plures
1201 3643 1551 3737 Confervarum
1576 3653 1784 3773 species,
1822 3653 1884 3740 ad
1905 3652 2067 3744 littora
2090 3652 2256 3779 Angli-

436 3876 440 3883 -
484 3837 543 3901 ca
567 3797 823 3894 recentiori
843 3815 1061 3916 tempore
1092 3811 1290 3915 repertae
1323 3811 1370 3879 et
1395 3792 1492 3904 jam
1517 3794 1586 3880 ibi
1617 3791 1864 3915 divulgatae
1873 3859 1886 3906 ‚
1925 3791 2167 3915 profunda
2191 3801 2256 3887 si-

483 3980 635 4044 nuum
660 3936 843 4061 replere
877 3955 924 4026 et
952 3933 1102 4022 latera
1127 3934 1320 4052 rupium
1344 3928 1910 4057 fluctibus-agitatissima
1942 3935 2184 4032 obducere
2209 3966 2256 4035 et

486 4084 809 4187 condecorare
826 4077 1173 4185 cernebantur3
1203 4069 1438 4163 nonnulla
1462 4076 1605 4164 etiam
1624 4107 1753 4169 nova
1773 4077 2109 4206 Hydrophyta,
2151 4119 2253 4209 qvae

484 4238 611 4331 Viris
638 4225 955 4322 celeberrimis
990 4243 1036 4313 et
1058 4220 1484 4349 perspicacissimis
1509 4223 1567 4313 N.
1592 4217 1792 4315 Mohrio
1824 4247 1870 4317 et
1884 4219 2127 4332 'Landtim
2173 4237 2256 4355 qvi

486 4383 674 4513 plantas
693 4379 956 4465 Faeroenses
980 4364 1232 4495 diligenter
1255 4366 1677 4492 investigaverunt,
1708 4391 1876 4493 utpote
1898 4374 2256 4499 microscopica

488 4559 591 4624 sese
611 4519 954 4630 subduxerant,
998 4507 1259 4638 indagandi
1290 4532 1340 4603 et
1368 4506 1641 4603 delineandi
1672 4511 1742 4603 ibi
1766 4516 2068 4639 praebebatur
2091 4525 2250 4646 copia.

356 4762 361 4771 .
487 4672 664 4767 Isth'mc
686 4663 896 4757 Daniam
925 4659 1143 4771 tendens,
1190 4688 1334 4780 qvum
1362 4657 1723 4780 tempestatibus
1753 4662 1805 4748 in
1827 4684 2022 4786 portum
2047 4665 2254 4759 Svinber

488 4849 643 4948 prope
667 4807 941 4904 Lindesnaes
967 4806 1216 4931 Norvegiae
1244 4805 1379 4895 navis
1408 4800 1608 4926 depulsa
1634 4828 1777 4921 esset,
1821 4810 1872 4896 in
1895 4806 2083 4932 plantas
2108 4813 2248 4930 hujus

493 4997 598 5082 ora,
620 4962 875 5069 occasione
892 4948 1154 5080 perplures
1175 4944 1501 5069 hebdomades
1523 4947 1697 5066 oblata,
1718 4955 1953 5077 inqvirere
1974 4987 2075 5047 non
2093 4957 2245 5048 omisi.
