4772 6106
696 480 769 561 144
1055 472 1225 546 SECTIO
1251 468 1470 562 QVARTA.
1519 468 1798 544 CONFERVA.

777 676 904 741 crebuit
919 676 1059 765 denique
1072 675 1141 739 haec
1156 674 1286 765 planta,
1318 698 1392 740 cum
1408 672 1647 741 Celeberrimus
1661 700 1729 741 von
1741 676 1881 741 Marum
1894 699 1983 756 cam,
2007 697 2118 771 utpote
2138 705 2213 772 quse

774 779 818 845 sd
834 780 952 845 tursum
966 777 1213 869 producendam
1229 780 1412 869 praeprimis
1430 777 1565 856 laceret,
1591 782 1627 844 in
1643 780 1789 843 medium
1805 778 1963 869 protulit3
1987 783 2047 848 sed
2058 785 2127 850 haec
2146 787 2214 851 hu·

655 916 659 921 ·
776 886 826 963 ius
841 885 904 949 viri
917 883 1074 948 sententia
1093 906 1161 948 non
1174 883 1237 946 nisi
1251 907 1290 947 ex
1305 897 1401 971 parte
1418 904 1495 945 vcra
1512 898 1571 959 cst,
1594 882 1754 971 siquidem
1767 907 1836 948 non
1852 883 1959 949 solum
1973 885 2144 973 Confessus
2160 890 2213 953 ri-

775 988 906 1052 vuluris
919 1013 950 1050 ν.
967 986 1107 1052 Marum
1121 990 1232 1075 (qvam
1246 982 1397 1060 nonnulli
1413 1006 1476 1072 pro
1491 980 1591 1067 Conf.
1605 982 1839 1071 fugacissimo
1861 989 1953 1053 Roth
1975 988 2131 1071 babent),
2156 990 2216 1054 sed

776 1089 885 1154 multae
900 1088 1012 1179 plures
1028 1088 1201 1155 Conlsrvae
1217 1088 1357 1154 adhunc
1373 1102 1495 1150 natura
1520 1089 1743 1174 operationem
1765 1090 1849 1153 vires
1871 1115 1943 1156 suas
1969 1094 2109 1157 invicem
2131 1117 2217 1158 con-

776 1192 896 1257 serunt.
928 1190 1003 1278 (cfr.
1025 1193 1084 1254 Dr.
1107 1192 1226 1258 Creme
1247 1194 1282 1256 in
1304 1188 1506 1255 Hermstadt
1529 1189 1651 1278 Archiv
1675 1191 1733 1255 der
1755 1191 2070 1274 Agriculturehcmie
2091 1198 2164 1267 413.
2178 1219 2214 1285 p.

776 1303 850 1366 258.
865 1312 898 1360 ct
912 1291 1095 1381 Hofmauu
1105 1293 1210 1384 Boug
1235 1299 1285 1360 De
1300 1316 1359 1359 usu
1375 1292 1616 1360 Conseruarum
1631 1295 1666 1357 in
1679 1316 1793 1359 oecon.
1809 1313 1875 1360 nat.
1888 1320 1922 1386 p.
1941 1298 2007 1380 11.)

911 1485 966 1563 H
1008 1509 1103 1574 aqvoe
1126 1487 1237 1552 salsos.

451 1633 541 1705 Tib.
565 1642 624 1719 48·
726 1642 783 1720 16·
838 1643 874 1713 C.
890 1640 1130 1728 ceramicum,
1154 1639 1223 1712 filis
1237 1639 1466 1734 simplicibus,
1487 1639 1717 1729 tenuissimis,
1741 1639 1869 1729 rectis3
1902 1635 2216 1739 ariictdisdiumei

647 1778 705 1839 tro
722 1775 934 1866 aeqvalibus,
957 1777 1096 1868 rubris,
1129 1776 1299 1867 geniculis
1325 1772 1522 1865 pellucidis.
1899 1760 1905 1766 ’

745 1906 899 1978 Habitat
913 1910 959 1978 ad
974 1912 1092 1999 apices
1105 1907 1332 1979 Hutchinsise
1346 1906 1512 1977 violaceas
1531 1907 1572 1974 in
1595 1908 1678 1975 sinu
1700 1904 1918 1996 Othiniensi,
1938 1910 2082 1997 passim.

692 2030 816 2097 DESC.
863 2033 934 2098 Fila
949 2038 1134 2123 caespitosa,
1159 2052 1348 2119 aggregata,
1373 2034 1428 2098 vix
1446 2031 1542 2098 oculo
1556 2031 1649 2097 nudo
1663 2034 1850 2123 conspicua,
1876 2033 2073 2112 abbreviata,
2097 2032 2217 2101 lineam

779 2160 877 2201 unam
892 2140 1022 2203 circiter
1040 2137 1147 2221 longa.
1194 2135 1333 2202 Articuli
1353 2134 1549 2199 diametrum
1564 2133 1770 2216 longitudine
1783 2151 1964 2222 aquantes3
1991 2134 2096 2200 tubuli
2112 2138 2218 2202 inter-

782 2241 1057 2331 nisubqsadrati,
1081 2242 1186 2306 rubri.
1229 2235 1389 2305 Genieula
1402 2236 1584 2328 pellucida,
1609 2237 1664 2303 hic
1679 2235 1747 2302 illic
1767 2260 1885 2325 parum
1902 2256 2079 2306 contracta.
2125 2241 2218 2330 Hyc-

781 2366 833 2409 me
851 2343 927 2428 lugi.

453 2541 543 2613 Tab.
562 2548 622 2633 49.
726 2544 783 2618 17.
835 2540 875 2609 C.
890 2540 1039 2631 flacco,
1062 2539 1129 2606 iilis
1145 2539 1387 2628 simplicibus,
1407 2541 1642 2626 tenuissimis,
1664 2539 1927 2626 minutissimis,
1954 2537 2129 2630 flaccidis3
2154 2558 2219 2628 ar3'

650 2670 769 2740 ticulis
786 2672 962 2741 diametro
989 2671 1300 2758 subbrevioribus,
1325 2668 1517 2758 viridibus3
1543 2668 1714 2760 geniculis
1738 2669 1935 2759 pellucidis.

784 2799 932 2868 Conserva
944 2800 1045 2868 stacca
1070 2799 1161 2853 Dillu.
1183 2799 1254 2852 Tab.
1274 2808 1317 2869 49.
1346 2811 1374 2850 st
1392 2795 1496 2851 lntrcd.
1511 2817 1539 2869 p.
1558 2802 1613 2867 53.
2242 2829 2246 2837 ·

651 2898 803 2974 Habitat
826 2906 872 2974 ad
899 2904 999 2975 littus
1023 2907 1159 2975 Fionise
1184 2904 1479 2997 septentrionale,
1508 2888 1667 2997 apicibus
1689 2901 1917 2974 Hutchinsise
1937 2896 2103 2977 violacese
2129 2905 2221 2994 alis-2

652 3061 803 3131 rumqva
819 3040 1032 3127 adnascens,
1056 3063 1158 3131 raro,
1177 3042 1227 3122 ‚ad
1243 3037 1376 3120 insulas
1388 3039 1596 3109 Fceroenscs
1611 3041 1704 3109 saxis
1723 3039 1890 3109 insidens.

697 3167 821 3232 DESC.
865 3168 1049 3234 Fasciculus
1063 3169 1224 3247 minutus,
1250 3184 1317 3232 tres
1331 3165 1373 3230 ad
1388 3183 1527 3256 quatuor
1542 3164 1645 3230 lineas
1659 3164 1788 3247 longus.
1835 3163 1906 3230 Fila
1929 3182 2112 3250 aggregata,
2137 3171 2220 3235 sim·

782 3270 898 3361 plicia,
922 3274 1153 3351 minutissima,
1177 3268 1274 3336 oculo
1288 3269 1380 3335 nudo
1394 3270 1649 3358 vixcouspicua.
1695 3265 1835 3333 Articuli
1854 3266 2011 3334 diametro
2024 3269 2219 3361 plerumque
2240 3262 2246 3277 ⁸

786 3374 923 3442 dimidio
939 3376 1125 3456 breviores,
1150 3376 1276 3465 apicem
1292 3398 1404 3440 versus
1420 3372 1534 3438 eadem
1559 3372 1742 3454 longiores,
1767 3393 1870 3434 massa
1890 3370 1988 3435 viridi
2010 3377 2220 3441 transversim

787 3479 1008 3561 rectangalsta
1021 3481 1137 3544 notati.
1188 3476 1348 3542 Genicula
1361 3478 1490 3549 brevia,
1513 3475 1689 3566 pellucida.
1735 3471 1836 3540 Color
1859 3471 1985 3539 viridis.
2032 3474 2221 3543 Substantia

787 3583 972 3647 tenerrima.
1019 3584 1148 3649 Annus.
1195 3582 1281 3649 Vera
1297 3599 1330 3646 et
1346 3598 1465 3647 astate.
1509 3580 1638 3645 Chartae
1652 3593 1740 3642 arete
1756 3575 1909 3643 adheret.

460 3784 549 3860 Tab.
569 3796 627 3879 49
730 3791 787 3860 18.
839 3781 1074 3874 Olmpisce,
1104 3781 1173 3851 iilis
1199 3780 1441 3872 simplicibus,
1461 3778 1697 3865 tenuissimis,
1724 3772 2081 3871 crispato-implexis,
2102 3776 2222 3863 mollis

655 3912 743 4001 bus,
765 3914 920 3984 articulis
935 3917 1109 3983 diametro
1120 3897 1235 4004 ⁴duplo
1253 3913 1483 4005 longioribus.

754 4040 758 4047 ’
791 4039 938 4110 conserua
960 4043 1087 4110 implexa
1104 4040 1196 4095 Dillw.
1215 4040 1317 4095 lutrod.
1343 4060 1370 4112 p.
1389 4042 1431 4108 46.
1454 4035 1552 4108 Suppl.
1570 4033 1639 4089 st.
1659 4034 1691 4088 B.

789 4141 904 4210 Bargus
923 4141 1029 4194 viridis
1053 4143 1092 4198 rt
1115 4143 1267 4198 dan.'1¹ab.
1292 4143 1365 4196 1601.
1385 4141 1429 4212 lig.
1453 4159 1474 4195 r.

658 4248 810 4316 Habitat
824 4251 861 4318 in
890 4248 1076 4342 Gigartina
1090 4250 1219 4341 plicata
1232 4251 1279 4317 ad
1292 4248 1393 4317 littus
1407 4243 1675 4346 Hosrnansgave
1692 4244 1849 4334 Fionise3
1875 4253 1957 4312 ante
1977 4243 2108 4311 ostium
2122 4246 2221 4316 sium

660 4380 835 4452 Oxefiurd
851 4382 1058 4476 Norsegise,
1083 4384 1245 4471 copiose,
1264 4384 1312 4452 ad
1326 4380 1448 4455 littora
1461 4338 1668 4451 Faeroensia
1684 4390 1739 4451 sat
1752 4376 1925 4469 frequens·
2033 4464 2037 4473 Ι

703 4542 827 4611 DESC.
875 4545 1004 4634 Caespes
1017 4541 1170 4635 pollicari
1184 4543 1391 4635 adpedalcm
1409 4563 1441 4609 et
1454 4542 1542 4608 ultra
1559 4542 1763 4615 extensione,
1789 4535 2017 4617 densissimus,
2042 4536 2225 4604 intricatus.

790 4646 863 4712 Fila
875 4636 1054 4737 simplicia,
1080 4648 1199 4738 capillo
1214 4650 1357 4714 humano
1371 4651 1538 4727 tenuiora,
1562 4645 1701 4711 maxime
1726 4639 1883 4732 implexa,
1908 4640 2072 4719 flexuosa,
2098 4643 2226 4732 crispa-

796 4767 844 4821 ta,
869 4750 994 4815 mollius
1039 4751 1180 4815 Articuli
1196 4752 1355 4818 diametro
1370 4750 1550 4843 sesqui-val
1566 4749 1644 4839 2plo
1660 4746 1847 4830 longiores,
1870 4742 2029 4836 pellucidi
2050 4742 2106 4809 vel
2124 4766 2228 4808 massa

791 4851 890 4917 viridi
906 4850 1140 4934 rectangulata,
1166 4854 1331 4919 interdum
1344 4857 1379 4920 in
1395 4853 1544 4938 globulos
1559 4850 1713 4941 collapsa,
1738 4851 1853 4916 notati.
1900 4846 2060 4914 Genicula
2076 4848 2225 4923 obscura,

791 4953 985 5045 plerumqvc
998 4952 1171 5043 pellucido.
1204 4955 1305 5022 Color
1320 4956 1433 5024 viridis
1450 4956 1501 5024 vel
1518 4954 1653 5023 sordide
1668 4954 1856 5025 flavescens·
1901 4951 2224 5030 Substantiatenera,
2253 5012 2256 5019 ,
2358 4952 2362 4958 “

791 5042 920 5125 'tenuiav
947 5060 1044 5151 Vere.
1088 5058 1220 5126 chata
1241 5057 1483 5153 larpadhaeret.
2056 5060 2060 5069 ’
2100 5062 2108 5071 ’
